18.05.2023 12:49 18.05.2023 12:49
btcusdt {'ch': 'market.btcusdt.depth.step0', 'status': 'ok', 'ts': 1684399740473, 'tick': {'bids': [[27401.49, 0.18], [27401.46, 0.008443], [27400.2, 1.92], [27398.91, 0.036496], [27397.78, 0.15], [27397.5, 0.16], [27397.47, 0.16], [27396.1, 0.0365], [27393.31, 0.401557], [27393.3, 0.07875], [27392.45, 0.001824], [27392.38, 0.036505], [27392.35, 0.072994], [27391.57, 0.012395], [27391.56, 0.12], [27391.55, 1.82538], [27391.3, 0.018247], [27389.29, 0.073018], [27389.03, 0.05], [27389.02, 0.080761], [27389.01, 0.096306], [27388.56, 0.000853], [27387.49, 0.1], [27386.86, 0.1], [27386.84, 0.1], [27386.6, 0.5], [27386.29, 0.1], [27385.18, 0.1], [27385.16, 0.12], [27385.15, 0.07], [27385.14, 0.1], [27385.12, 0.2], [27384.76, 0.2], [27384.52, 0.547369], [27384.48, 0.2], [27384.11, 0.69662], [27383.8, 0.05], [27383.0, 2.664999], [27380.0, 0.036523], [27377.3, 0.0205], [27377.23, 1.616383], [27375.91, 2.182977], [27375.9, 0.0205], [27375.8, 0.0205], [27375.7, 0.0205], [27375.57, 0.398819], [27374.91, 0.376078], [27374.8, 4.0583], [27374.7, 0.0123], [27374.01, 1.608857], [27373.0, 0.0205], [27372.9, 0.0205], [27372.73, 0.399968], [27370.85, 0.0036], [27370.08, 0.392568], [27369.75, 0.000913], [27369.3, 5.0], [27367.62, 0.395267], [27367.5, 6.0], [27362.5, 6.979142], [27361.63, 0.070596], [27360.54, 0.000657], [27360.0, 0.03655], [27358.0, 1.0], [27356.7, 2.484909], [27356.16, 0.215887], [27356.0, 1.0], [27355.6, 6.979142], [27355.0, 1.0], [27354.9, 0.45], [27354.0, 1.0], [27352.01, 1.0], [27352.0, 1.0], [27350.68, 0.221972], [27350.0, 1.698415], [27348.0, 2.0], [27347.51, 0.022861], [27346.0, 2.0], [27345.2, 0.168906], [27345.0, 2.0], [27344.0, 1.0], [27343.91, 2.033], [27343.35, 0.055219], [27342.0, 1.0], [27341.9, 6.979142], [27341.86, 2.0742], [27340.0, 1.036576], [27336.33, 0.08835], [27335.0, 1.0], [27334.24, 0.0078], [27331.5, 0.033285], [27330.7, 0.912257], [27330.0, 1.0], [27325.0, 1.0], [27323.53, 0.00066], [27323.07, 0.002518], [27320.0, 1.036603], [27318.54, 0.22861], [27317.0, 17.426335], [27315.0, 1.0], [27311.41, 4.0], [27310.0, 1.0], [27305.0, 1.0], [27303.05, 0.054741], [27301.99, 0.249754], [27300.9, 1.283241], [27300.0, 1.039755], [27298.38, 0.277456], [27296.21, 0.06208], [27296.2, 0.45], [27295.0, 1.0], [27290.4, 0.438037], [27290.0, 1.0], [27285.71, 0.000669], [27285.21, 0.003602], [27285.0, 1.0], [27283.75, 0.005648], [27282.73, 0.072988], [27282.05, 0.000472], [27281.28, 0.001262], [27280.0, 1.036657], [27278.96, 0.001099], [27278.12, 0.002602], [27277.78, 0.000466], [27273.71, 10.533613], [27272.08, 0.000952], [27268.13, 0.04918], [27265.97, 0.0078], [27264.23, 0.000919], [27263.69, 1.824717], [27262.5, 0.003602], [27260.02, 1.0], [27260.0, 0.036684], [27257.95, 0.457243], [27255.51, 0.00066], [27255.21, 0.00075], [27255.0, 1.0], [27254.0, 1.0], [27253.2, 0.000913], [27252.0, 1.0], [27250.0, 1.0], [27248.0, 1.0], [27246.0, 1.0], [27245.28, 0.005105], [27245.01, 0.003406], [27245.0, 1.609664], [27244.73, 0.001], [27244.0, 1.0], [27242.0, 1.0], [27240.65, 0.001108]], 'asks': [[27401.5, 0.827422], [27401.51, 0.153307], [27402.0, 0.1], [27402.49, 0.012788], [27402.5, 0.1], [27403.0, 0.136492], [27403.5, 0.2], [27403.52, 0.44039], [27404.0, 0.1], [27404.48, 0.018109], [27404.5, 0.1], [27405.0, 0.1], [27405.5, 0.1], [27405.62, 0.153307], [27406.0, 0.1], [27406.5, 0.1], [27406.79, 0.01168], [27407.0, 0.1], [27407.5, 0.1], [27407.61, 0.8], [27408.0, 0.1], [27408.19, 0.0016], [27408.21, 0.64], [27408.34, 0.017947], [27408.5, 0.1], [27408.58, 0.15], [27408.79, 0.1], [27409.0, 0.1], [27409.5, 0.1], [27409.72, 0.527552], [27409.73, 0.073003], [27409.74, 0.07], [27410.0, 0.1], [27410.4, 2.664999], [27410.5, 0.1], [27411.0, 0.1], [27411.5, 0.1], [27412.0, 0.1], [27412.11, 0.004574], [27412.42, 0.054726], [27412.5, 0.1], [27412.7, 0.036195], [27412.87, 0.001824], [27413.0, 0.1], [27413.48, 0.1], [27413.5, 0.1], [27413.85, 0.547355], [27414.0, 0.1], [27414.5, 0.1], [27414.84, 0.007298], [27415.0, 0.1], [27415.5, 0.1], [27415.81, 0.007297], [27415.89, 0.048263], [27416.0, 0.1], [27416.5, 0.1], [27416.54, 0.082089], [27417.0, 0.1], [27417.5, 0.6], [27417.87, 0.003322], [27417.88, 0.400864], [27418.0, 0.1], [27418.29, 0.377259], [27418.5, 0.1], [27418.6, 4.0583], [27419.0, 1.923553], [27419.49, 0.3528], [27419.5, 0.1], [27419.99, 0.021881], [27420.0, 0.090022], [27420.5, 0.1], [27420.52, 0.797257], [27421.0, 0.1], [27421.03, 0.817562], [27421.27, 0.395032], [27421.5, 0.1], [27421.79, 1.61653], [27422.0, 0.1], [27422.17, 0.2], [27422.5, 0.1], [27422.52, 0.397831], [27422.7, 0.16], [27423.0, 0.1], [27423.5, 0.1], [27423.55, 0.128283], [27423.77, 0.39926], [27424.0, 0.1], [27424.01, 0.210462], [27424.5, 0.1], [27424.65, 0.0273], [27425.0, 0.1], [27425.5, 0.1], [27426.0, 0.1], [27426.5, 0.1], [27427.0, 0.1], [27427.5, 0.1], [27428.0, 0.1], [27428.5, 0.1], [27428.87, 0.2], [27428.99, 10.510259], [27429.0, 0.1], [27429.27, 0.2], [27429.49, 0.003702], [27429.5, 0.1], [27429.97, 0.001826], [27430.0, 0.1], [27430.5, 0.1], [27431.0, 0.1], [27431.5, 0.1], [27432.0, 0.1], [27432.2, 0.001098], [27432.5, 0.1], [27433.0, 0.1], [27433.5, 0.1], [27434.0, 0.1], [27434.5, 0.1], [27435.0, 0.1], [27435.46, 0.001826], [27435.5, 0.1], [27436.0, 0.1], [27436.5, 0.1], [27437.0, 0.1], [27437.1, 5.0], [27437.5, 0.1], [27437.94, 0.002343], [27438.0, 0.1], [27438.3, 6.979142], [27438.36, 0.073124], [27438.5, 0.1], [27439.0, 0.1], [27439.5, 0.1], [27440.0, 0.136453], [27440.5, 0.1], [27440.94, 0.001826], [27442.0, 0.1], [27442.5, 0.1], [27443.0, 0.1], [27443.5, 0.1], [27443.84, 0.066586], [27444.0, 0.11], [27444.5, 0.1], [27445.0, 0.1], [27445.2, 6.979142], [27445.4, 0.001197], [27445.5, 0.1], [27446.0, 0.1], [27446.43, 0.001826], [27446.5, 0.1], [27447.0, 0.1], [27447.5, 0.1]], 'version': 163202721282, 'ts': 1684399740109}}


18.05.2023 12:49 18.05.2023 12:49
dogeusdt {'ch': 'market.dogeusdt.depth.step0', 'status': 'ok', 'ts': 1684399746640, 'tick': {'bids': [[0.073994, 605.35], [0.073993, 4000.0], [0.073985, 226.98], [0.07398, 226.98], [0.073956, 5185.1], [0.073955, 25830.25], [0.073953, 18450.18], [0.073951, 270449.35], [0.07393, 56000.81], [0.073929, 44759.44], [0.073915, 114177.4], [0.073913, 3000.0], [0.073903, 3000.0], [0.073891, 10809.9], [0.073883, 3000.0], [0.07388, 32223.89], [0.073872, 114177.4], [0.073845, 89558.19], [0.073841, 500.0], [0.07384, 39625.08], [0.073835, 13505.3], [0.073831, 125000.0], [0.07383, 114377.4], [0.073807, 135.49], [0.073801, 740.0], [0.073792, 135.52], [0.073786, 649.0], [0.073767, 310.0], [0.073766, 278222.86], [0.073761, 1450.0], [0.07376, 40578.93], [0.073757, 740.0], [0.073725, 230.0], [0.073723, 210.0], [0.073721, 740.0], [0.073703, 400.0], [0.0737, 380.0], [0.073699, 33792.2], [0.073698, 310.0], [0.073685, 400.0], [0.073681, 2220.0], [0.07368, 40606.39], [0.073665, 310.0], [0.073653, 390.0], [0.073652, 103995.1], [0.073646, 175.61], [0.073644, 400.0], [0.073641, 400.0], [0.073621, 1270.0], [0.073611, 390.0], [0.07361, 174078.82], [0.073601, 400.0], [0.073594, 1660.0], [0.073584, 390.0], [0.073578, 9556.31], [0.073537, 3351.12], [0.073535, 390.0], [0.073525, 390.0], [0.073508, 390.0], [0.073491, 390.0], [0.07348, 29329.12], [0.073462, 790.0], [0.073458, 233.56], [0.073441, 81101.3], [0.073437, 414.61], [0.073427, 790.0], [0.073415, 56000.81], [0.073401, 790.0], [0.07338, 272.56], [0.073321, 790.0], [0.073288, 790.0], [0.073286, 3485.74], [0.073281, 790.0], [0.0732, 67594.97], [0.073166, 187.69], [0.07307, 82673.9], [0.073069, 179677.8], [0.073066, 40810.11], [0.073059, 17601.28], [0.073, 232.53], [0.072963, 474.45], [0.072896, 137.19], [0.072877, 28110.32], [0.07285, 598.49], [0.07277, 6870.96], [0.072748, 233.56], [0.072668, 1127.88], [0.072648, 20647.5], [0.072624, 13769.55], [0.072604, 6866.05], [0.072593, 324.71], [0.072576, 137.79], [0.072552, 175.61], [0.072537, 3521.74], [0.072531, 257.31], [0.07253, 6893.69], [0.07252, 28110.32], [0.0725, 1765.51], [0.072444, 162.09], [0.072401, 211.81], [0.072283, 2248.14], [0.072264, 1383.81], [0.072223, 414.61], [0.072222, 474.45], [0.072141, 28876.91], [0.07208, 138.74], [0.072055, 162.09], [0.072051, 550.49], [0.072037, 233.56], [0.072, 11333.37], [0.071984, 138.92], [0.071966, 28110.32], [0.071927, 139.03], [0.071824, 139.23], [0.071795, 3558.13], [0.071787, 1840.23], [0.071666, 162.09], [0.071641, 6958.34], [0.071609, 2885.46], [0.0715, 1400.0], [0.071482, 474.45], [0.071457, 175.61], [0.071424, 140.01], [0.071413, 28110.32], [0.071327, 233.56], [0.071319, 3747.46], [0.071277, 162.09], [0.071265, 257.31], [0.071179, 140.5], [0.071137, 1127.88], [0.071061, 3594.89], [0.07101, 414.61], [0.071, 28655.18], [0.070993, 47537.06], [0.070888, 162.09], [0.070859, 28110.32], [0.070833, 187.69], [0.070752, 141.34], [0.070741, 474.45], [0.070685, 707.82], [0.070671, 324.71], [0.070621, 3066.58], [0.070617, 233.56], [0.070506, 1699.5], [0.0705, 1630.91], [0.070499, 162.09], [0.070403, 7101.97], [0.070362, 175.61], [0.070334, 3632.04], [0.070278, 142.3]], 'asks': [[0.073999, 270.82], [0.074008, 2330.91], [0.074015, 1691.51], [0.074016, 560.0], [0.074022, 1270.0], [0.074026, 310.0], [0.074032, 4890.0], [0.074033, 630.0], [0.074036, 226.98], [0.074037, 226.98], [0.074038, 10815.4], [0.074043, 270.66], [0.074044, 1270.0], [0.074056, 1270.0], [0.074058, 270.6], [0.074062, 1270.0], [0.074066, 270029.43], [0.074076, 56000.81], [0.074088, 270.5], [0.074092, 3000.0], [0.0741, 114177.4], [0.074102, 270.44], [0.074107, 3000.0], [0.074115, 114177.4], [0.07412, 38613.34], [0.074128, 400.0], [0.074129, 2466.43], [0.074146, 500.0], [0.074147, 270.28], [0.074151, 310.0], [0.074152, 114177.4], [0.074159, 1500.0], [0.07416, 40628.39], [0.074161, 400.0], [0.074162, 270.22], [0.074176, 1100.0], [0.074177, 278222.86], [0.07419, 125000.0], [0.074191, 135.6], [0.074206, 270.06], [0.074208, 33798.0], [0.074231, 310.0], [0.074233, 790.0], [0.074236, 269.96], [0.074251, 269.9], [0.074282, 310.0], [0.074295, 269.74], [0.074296, 740.0], [0.074297, 127262.89], [0.074305, 400.0], [0.07431, 269.68], [0.07434, 269.58], [0.074354, 269.52], [0.074384, 269.42], [0.074388, 161.76], [0.0744, 269.36], [0.074412, 646.18], [0.074433, 875.37], [0.074443, 473.5], [0.074444, 269.2], [0.074462, 2188.44], [0.074467, 81114.7], [0.074489, 269.04], [0.074504, 268.98], [0.074509, 3501.5], [0.074534, 268.88], [0.074549, 268.82], [0.074578, 268.72], [0.074593, 134.33], [0.074611, 390.0], [0.074623, 268.56], [0.074625, 8753.74], [0.074638, 268.5], [0.074666, 159.53], [0.074683, 268.34], [0.074698, 268.28], [0.074727, 268.18], [0.07477, 380.0], [0.074771, 10942.18], [0.074772, 268.02], [0.074777, 161.76], [0.074817, 267.86], [0.074832, 267.8], [0.074846, 390.0], [0.074862, 535.4], [0.074877, 535.28], [0.074879, 233.09], [0.074908, 535.08], [0.074923, 534.96], [0.074952, 534.76], [0.074967, 534.64], [0.074973, 134.98], [0.074997, 267.22], [0.075, 10232.06], [0.075004, 17350.76], [0.075012, 267.16], [0.075042, 267.06], [0.075057, 267.0], [0.075063, 256.79], [0.075079, 3448.21], [0.075102, 266.84], [0.075147, 266.68], [0.075166, 161.76], [0.075184, 473.5], [0.075192, 266.52], [0.075237, 266.36], [0.075267, 266.26], [0.075282, 266.2], [0.075294, 134.41], [0.075312, 266.1], [0.075327, 266.04], [0.075333, 159.53], [0.075358, 265.94], [0.075373, 265.88], [0.075404, 265.78], [0.075419, 265.72], [0.075449, 167.34], [0.075464, 265.56], [0.075494, 265.46], [0.075499, 790.0], [0.0755, 1337717.83], [0.075509, 265.4], [0.075517, 195.0], [0.075523, 140.93], [0.075539, 265.3], [0.075555, 161.76], [0.075585, 265.14], [0.075589, 233.09], [0.0756, 265.08], [0.075681, 133.72], [0.075684, 132.13], [0.07569, 790.0], [0.075691, 2243.64], [0.075696, 133.7], [0.075753, 3347.05], [0.075828, 1125.61], [0.075836, 175.25], [0.075855, 3412.42], [0.075865, 413.78], [0.0759, 354.0], [0.075924, 473.5], [0.075944, 161.76], [0.076, 159.53], [0.076032, 131.53], [0.076112, 131.39], [0.07613, 189.38], [0.076153, 549.38], [0.076299, 233.09], [0.076329, 256.79], [0.076333, 161.76]], 'version': 119847887865, 'ts': 1684399746288}}


18.05.2023 12:49 18.05.2023 12:49
ltcusdt {'ch': 'market.ltcusdt.depth.step0', 'status': 'ok', 'ts': 1684399752876, 'tick': {'bids': [[92.99, 6.1145], [92.98, 48.918], [92.97, 42.0944], [92.96, 40.7681], [92.94, 58.79], [92.93, 11.2763], [92.91, 70.8806], [92.9, 322.9278], [92.89, 112.2276], [92.88, 79.4013], [92.87, 93.9798], [92.86, 0.1118], [92.85, 6.0], [92.84, 399.7285], [92.83, 74.0906], [92.82, 6.0], [92.81, 2.79], [92.8, 9.8148], [92.77, 1.9383], [92.75, 2.79], [92.74, 40.331], [92.73, 70.0], [92.72, 10.8908], [92.68, 177.5175], [92.65, 875.7381], [92.64, 10.1003], [92.62, 9.1037], [92.6, 10.7735], [92.56, 2.79], [92.55, 102.7452], [92.54, 0.1915], [92.51, 2.4375], [92.5, 10.7631], [92.47, 2.79], [92.46, 0.1493], [92.44, 2.54], [92.43, 96.797], [92.42, 2.54], [92.4, 0.1405], [92.39, 37.0665], [92.36, 4.87], [92.35, 33.6742], [92.32, 0.1628], [92.31, 2.6757], [92.28, 0.2167], [92.24, 0.5923], [92.23, 0.2195], [92.22, 0.1296], [92.18, 5.08], [92.16, 3.251], [92.15, 0.1915], [92.13, 4.87], [92.12, 16.1655], [92.0, 0.1418], [91.97, 2.54], [91.94, 0.1197], [91.89, 0.1493], [91.87, 0.2595], [91.85, 2.0256], [91.84, 17.7289], [91.81, 1.9396], [91.8, 14.5714], [91.77, 0.4332], [91.76, 1.9915], [91.75, 15.1742], [91.73, 0.1093], [91.72, 0.5923], [91.68, 7.6123], [91.67, 0.2182], [91.66, 1.9296], [91.65, 47.8023], [91.63, 0.2083], [91.6, 0.4115], [91.59, 0.1646], [91.57, 5.4439], [91.55, 1.8], [91.52, 1.9903], [91.51, 0.5463], [91.47, 0.1489], [91.43, 0.2353], [91.37, 0.3543], [91.33, 0.2995], [91.27, 0.2218], [91.25, 1.8], [91.24, 5.4636], [91.2, 0.5923], [91.18, 1.8], [91.15, 1.8], [91.14, 0.2595], [91.13, 7.2702], [91.12, 39.6196], [91.11, 0.1296], [91.05, 1.8291], [91.04, 3.291], [91.03, 17.7289], [91.0, 29.1831], [90.98, 0.1915], [90.89, 0.1748], [90.85, 0.5503], [90.83, 0.1212], [90.81, 0.111], [90.8, 4.7202], [90.77, 7.5287], [90.76, 1308.1567], [90.75, 0.141], [90.72, 5.6518], [90.7, 0.1828], [90.68, 0.5923], [90.6, 0.1418], [90.58, 0.1915], [90.55, 0.3199], [90.53, 0.2249], [90.5, 0.6881], [90.42, 0.1489], [90.41, 0.4223], [90.39, 0.4214], [90.38, 17.7289], [90.36, 0.29], [90.35, 0.5534], [90.32, 0.2241], [90.2, 0.1493], [90.19, 0.3699], [90.16, 0.5923], [90.12, 0.34], [90.11, 39.0525], [90.01, 0.63], [90.0, 66.9434], [89.94, 0.5003], [89.93, 3.3316], [89.9, 0.112], [89.82, 0.4964], [89.8, 0.1915], [89.75, 0.2032], [89.74, 0.1608], [89.7, 0.223], [89.68, 17.9884], [89.64, 1.2993], [89.58, 0.1903], [89.54, 0.1396], [89.46, 0.1628], [89.41, 0.1915], [89.36, 0.1489], [89.26, 2.2406], [89.2, 0.1418], [89.18, 7.2325], [89.13, 0.3598], [89.12, 0.5923], [89.07, 0.1493], [89.06, 0.2246], [89.01, 0.5513]], 'asks': [[93.01, 2.1293], [93.03, 11.3512], [93.06, 4.0], [93.08, 1.0081], [93.09, 33.1232], [93.11, 15.3743], [93.13, 35.637], [93.14, 42.0944], [93.16, 0.54], [93.17, 73.0051], [93.18, 68.0906], [93.19, 3.2202], [93.21, 71.3106], [93.22, 94.394], [93.24, 3.2198], [93.26, 68.5204], [93.28, 1.0207], [93.29, 59.136], [93.3, 177.9471], [93.32, 0.4296], [93.33, 0.3204], [93.34, 0.4294], [93.35, 0.2147], [93.36, 0.2589], [93.37, 0.2146], [93.39, 0.2146], [93.4, 7.1745], [93.41, 3.219], [93.42, 0.1718], [93.43, 279.4644], [93.44, 102.7452], [93.45, 0.429], [93.47, 235.5447], [93.48, 0.4288], [93.49, 2.4768], [93.5, 0.4286], [93.52, 0.4286], [93.54, 0.4284], [93.56, 0.4284], [93.57, 0.1486], [93.58, 0.3958], [93.6, 0.4282], [93.61, 0.4416], [93.62, 0.4282], [93.63, 0.428], [93.65, 0.428], [93.67, 0.4278], [93.69, 0.4278], [93.71, 0.4278], [93.72, 0.1911], [93.73, 0.4276], [93.75, 0.4276], [93.76, 0.4274], [93.78, 0.4274], [93.8, 2.8183], [93.82, 0.2136], [93.84, 0.2136], [93.86, 0.9388], [93.87, 219.8], [93.88, 2.5295], [93.9, 0.4268], [93.91, 0.2134], [93.93, 0.2133], [93.95, 0.2133], [93.96, 1.8], [93.97, 0.4266], [93.98, 327.9953], [93.99, 0.363], [94.0, 0.4904], [94.01, 0.2132], [94.03, 400.4156], [94.05, 0.4262], [94.06, 0.426], [94.07, 1.8], [94.08, 21.6849], [94.1, 0.426], [94.11, 0.1911], [94.12, 0.6847], [94.14, 0.4258], [94.15, 0.149], [94.16, 0.2128], [94.18, 0.2128], [94.2, 0.2128], [94.21, 1.8], [94.22, 0.8508], [94.23, 1.6726], [94.24, 1.8], [94.25, 0.6378], [94.27, 0.8504], [94.28, 7.944], [94.29, 0.85], [94.3, 1.8], [94.31, 0.85], [94.32, 0.5911], [94.33, 0.85], [94.34, 1.8], [94.35, 0.8496], [94.37, 0.6372], [94.38, 0.4246], [94.39, 2.54], [94.4, 5.3476], [94.42, 0.4244], [94.44, 0.7436], [94.46, 0.4244], [94.48, 0.4242], [94.5, 0.6153], [94.52, 0.424], [94.54, 0.424], [94.55, 0.4238], [94.57, 0.2119], [94.59, 0.4238], [94.61, 0.4236], [94.63, 0.5722], [94.65, 0.4234], [94.67, 2.9634], [94.68, 11.3486], [94.69, 0.2116], [94.71, 0.5722], [94.72, 0.4232], [94.74, 0.423], [94.76, 0.423], [94.78, 0.4228], [94.79, 0.3515], [94.8, 3.1043], [94.81, 3.2099], [94.82, 0.4228], [94.84, 1.0137], [94.86, 0.4226], [94.88, 0.6813], [94.89, 0.4224], [94.9, 0.1911], [94.91, 0.4222], [94.93, 0.4222], [94.95, 0.4222], [94.97, 1.2746], [94.99, 2.8525], [95.0, 58.3381], [95.01, 0.4218], [95.02, 0.1141], [95.03, 0.4218], [95.05, 0.4216], [95.06, 0.4216], [95.08, 0.4216], [95.09, 0.8515], [95.1, 0.4214], [95.11, 0.8306], [95.12, 0.4214], [95.14, 0.4212], [95.16, 0.4212], [95.17, 0.3598]], 'version': 114009478984, 'ts': 1684399752729}}


18.05.2023 12:49 18.05.2023 12:49
ccdusdt {'ts': 1684399759848, 'status': 'error', 'err-code': 'invalid-parameter', 'err-msg': 'invalid symbol'}


18.05.2023 12:49 18.05.2023 12:49
topusdt {'ch': 'market.topusdt.depth.step0', 'status': 'ok', 'ts': 1684399765119, 'tick': {'bids': [[0.000291, 999000.0], [0.000289, 1909525.9515], [0.000288, 999000.0], [0.000286, 121540.0], [0.000285, 1197000.0], [0.000283, 245485.048], [0.000282, 69000.0], [0.000281, 355871.886], [0.00028, 642857.1428], [0.000275, 761690.998], [0.000274, 463503.6496], [0.000271, 739016.3692], [0.00027, 232865.8751], [0.000256, 42968.0], [0.00025, 995528.942], [0.000246, 103000.0], [0.000244, 45081.0], [0.000223, 134529.1479], [0.000218, 229900.0], [0.000209, 143540.6698], [0.000208, 144230.7692], [0.000206, 242718.4466], [0.000205, 620102.7906], [0.000201, 149253.7313], [0.000196, 121186.4085], [0.000188, 1000000.0], [0.000165, 36363.6363], [0.000151, 3310629.5322], [0.00014, 40000.0], [0.0001, 60000.0], [1.4e-05, 394821.6857], [1e-05, 102000.0]], 'asks': [[0.000297, 363947.0394], [0.000298, 50393.1528], [0.0003, 398557.1574], [0.000301, 174.3312], [0.000302, 1087665.6626], [0.000303, 440738.5815], [0.000304, 119955.8478], [0.000305, 197000.0], [0.000306, 593657.6692], [0.000308, 241000.0], [0.000309, 1245208.4745], [0.00031, 241000.0], [0.000317, 223045.0], [0.000318, 348159.0], [0.000319, 1175612.0], [0.00032, 197000.0], [0.000322, 116000.0], [0.000327, 116000.0], [0.000334, 132141.1763], [0.000335, 84587.159], [0.000345, 39158.1155], [0.000359, 33000.0], [0.00036, 1523323.1634], [0.000365, 39158.1155], [0.00037, 1861839.4218], [0.000371, 41165.0486], [0.000373, 296777.716], [0.000381, 145622.4777], [0.000385, 39158.1155], [0.000386, 275696.5518], [0.000387, 172033.1534], [0.000396, 123982.111], [0.0004, 8554285.7143], [0.00041, 852000.0], [0.000423, 44618.4416], [0.000425, 103727.33859129412], [0.00043, 446538.1676], [0.000436, 1542666.7419], [0.000444, 34795.3385], [0.00045, 4971214.805], [0.000453, 75401.7796], [0.00046, 84142.3948], [0.000463, 79399.9169], [0.000466, 638312.6272], [0.000476, 561611.0641], [0.000489, 87325.0], [0.000493, 103294.3613], [0.000494, 53115.0415], [0.000495, 85933.5485], [0.000496, 78757.3031], [0.0005, 488024.44], [0.000503, 79399.917], [0.000518, 43607.5322], [0.000538, 117206.2686], [0.000555, 150000.0], [0.000557, 297850.151], [0.000582, 138667.2919], [0.000589, 269844.5525], [0.00059, 1124573.3898], [0.000591, 139697.0526], [0.000593, 202383.4144], [0.0006, 293440.8641], [0.00062, 138289.6313], [0.00063, 36504.8543], [0.000638, 5000000.0], [0.000661, 79196.9417], [0.000666, 150000.0], [0.000679, 231529.8129], [0.000689, 404766.8288], [0.00069, 235506.5032], [0.000696, 94038.433], [0.0007, 7161144.627], [0.000702, 69601.6427], [0.00071, 4906274.5167], [0.000713, 202383.4144], [0.00072, 1216699.2498], [0.000721, 1697284.9102], [0.000723, 344672.2709], [0.000732, 21667160.2995], [0.000733, 3387.3516], [0.000734, 38553.6271], [0.000735, 1445505.5752], [0.000741, 456819.4101], [0.000742, 264970.352], [0.000743, 329006.2924], [0.000744, 277857.5556], [0.000745, 326312.2953], [0.000746, 319157.7484], [0.000747, 105894.6919], [0.00075, 16859.4165], [0.000752, 13416.0891], [0.000755, 3387.3516], [0.000759, 68676.3204], [0.00076, 13947.3684], [0.000761, 16650.8139], [0.000766, 3387.3516], [0.000768, 358740.5269], [0.000777, 103387.3523], [0.00078, 136423.3577], [0.000788, 3387.3516], [0.000793, 97186.1534], [0.000799, 67111.8516], [0.0008, 1592945.3836], [0.000804, 1411.0371], [0.000811, 3387.3516], [0.000822, 3387.3516], [0.000823, 94017.6107], [0.000833, 3387.3516], [0.000844, 3387.3516], [0.000849, 14352.7305], [0.00085, 13750.0], [0.000855, 3387.3516], [0.000859, 1708004.1273], [0.000862, 25616.6748], [0.000866, 3387.3516], [0.000877, 3387.3516], [0.000879, 417684.0755], [0.000888, 183825.6376], [0.00089, 400000.0], [0.000899, 10322.1643], [0.0009, 37516.7571], [0.000904, 114469.8102], [0.000907, 55941.7045], [0.000911, 3387.3516], [0.00092, 15466.8818], [0.000922, 3387.3516], [0.000927, 69406.365], [0.000933, 3387.3516], [0.000944, 3387.3516], [0.000955, 3387.3516], [0.000961, 74850.0], [0.000965, 107272.9737], [0.000966, 3387.3516], [0.000977, 543996.4408], [0.000985, 200000.0], [0.000988, 3387.3516], [0.000996, 103846.0539], [0.000999, 183279.7056], [0.001, 977671.5321], [0.001011, 3387.3516], [0.00102, 10093.9402], [0.001022, 3387.3516], [0.001029, 100528.6098], [0.001033, 3387.3516], [0.001044, 3387.3516], [0.001055, 3387.3516], [0.001064, 82000.53638270676], [0.001066, 3387.3516], [0.001077, 3387.3516], [0.001088, 3387.3516]], 'version': 100670016135, 'ts': 1684399716106}}


18.05.2023 12:49 18.05.2023 12:49
metalusdt {'ts': 1684399770491, 'status': 'error', 'err-code': 'invalid-parameter', 'err-msg': 'invalid symbol'}


18.05.2023 12:49 18.05.2023 12:49
cotiusdt {'ch': 'market.cotiusdt.depth.step0', 'status': 'ok', 'ts': 1684399776400, 'tick': {'bids': [[0.0701, 6366.48], [0.07, 707.28], [0.0698, 383.26], [0.0697, 952.48], [0.0696, 5203.96], [0.0695, 1128.69], [0.0694, 1810.8], [0.0693, 2762.88], [0.0692, 295.01], [0.069, 1000.0], [0.0683, 19414.85], [0.0682, 4671.02], [0.068, 1443.89], [0.0679, 2019.0], [0.0666, 450.0], [0.0638, 564.0], [0.063, 966.31], [0.0613, 500.0], [0.0611, 1354.0], [0.061, 5544.86], [0.058, 189.65], [0.052, 350.0], [0.0508, 197.08], [0.0451, 1012.0], [0.045, 15501.25], [0.031, 161.3], [0.025, 52684.95], [0.02, 231282.35], [0.0102, 981.0], [0.005, 1000.0], [0.0001, 100000.0]], 'asks': [[0.0704, 1158.82], [0.0705, 6253.51], [0.0706, 19507.87], [0.0707, 4408.79], [0.071, 249.36], [0.0711, 3434.32], [0.0712, 15072.04], [0.0713, 14110.34], [0.0714, 14078.56], [0.0716, 2524.46], [0.0717, 21037.87], [0.072, 24384.83], [0.0722, 523.66], [0.0727, 4991.26], [0.0732, 1000.0], [0.0743, 2019.0], [0.0786, 119.88169211195928], [0.0794, 5789.27], [0.0816, 617.81], [0.089, 3207.89], [0.09, 862.0], [0.092, 257.27], [0.097, 510.22], [0.098, 104.0], [0.0994, 208.87], [0.107, 288.74], [0.1079, 199.6], [0.108, 378.54], [0.11, 1355.93], [0.1101, 1298.62], [0.113, 120.0], [0.1139, 114.11], [0.115, 772.45], [0.1169, 261.59], [0.117, 103.91], [0.119, 288.0], [0.12, 803.8], [0.122, 1220.22], [0.1227, 248.22], [0.1235, 300.0], [0.1245, 960.0], [0.125, 1290.47], [0.128, 10.0], [0.1295, 1251.07], [0.13, 9905.36], [0.131, 220.64], [0.133, 85.71], [0.1349, 12.32], [0.135, 140.0], [0.138, 9.0], [0.1395, 150.0], [0.142, 150.0], [0.145, 87.03], [0.146, 613.41], [0.148, 998.27], [0.1491, 67.07], [0.15, 702.28], [0.16, 6.39], [0.165, 6.14], [0.168, 10.0], [0.17, 632.22], [0.172, 232.3], [0.1766, 11.25], [0.178, 6266.75], [0.1795, 200.0], [0.18, 275.0], [0.182, 55.0], [0.183, 250.19], [0.1849, 64.92], [0.1868, 57.64], [0.187, 450.0], [0.1877, 3416.8], [0.188, 10.0], [0.1893, 826.67], [0.1902, 71.77], [0.1945, 249.5], [0.1964, 458.68], [0.198, 31.29], [0.1989, 98.5], [0.2, 362.1], [0.202, 123.68], [0.2121, 124.75], [0.2124, 80.29], [0.218, 10.0], [0.22, 1224.43], [0.2222, 124.75], [0.2237, 7087.82], [0.2248, 219.56], [0.228, 10.0], [0.23, 169.4], [0.232, 34.93], [0.2339, 47.04], [0.238, 6.0], [0.24, 104.79], [0.2417, 850.37], [0.248, 10.0], [0.25, 176.56], [0.2513, 159.0], [0.258, 41.0], [0.259, 29.94], [0.26, 636.28], [0.268, 10.0], [0.27, 19.1], [0.277, 71.41], [0.279, 125.99], [0.28, 21.97], [0.288, 10.0], [0.289, 3531.38], [0.2893, 710.52], [0.29, 99.73], [0.293, 37.55], [0.298, 10.0], [0.2992, 74.63], [0.2999, 11.01], [0.3, 6498.1], [0.3056, 29.94], [0.31, 108.43], [0.3117, 2501.05], [0.3126, 657.86], [0.3139, 127.48], [0.3145, 51.28], [0.318, 9.0], [0.32, 379.32], [0.3207, 641.19], [0.326, 199.99], [0.328, 9.0], [0.329, 1626.25], [0.33, 157.81], [0.3333, 299.4], [0.3334, 304.39], [0.335, 33.93], [0.338, 6.0], [0.3386, 59.76], [0.34, 271.55], [0.3447, 295.4], [0.3469, 80.29], [0.3478, 26.56], [0.348, 8.0], [0.3498, 2.86], [0.35, 3319.96], [0.354, 140.93], [0.3549, 1659.0], [0.3572, 270.24], [0.358, 14.0], [0.36, 202.79], [0.3624, 25.0], [0.3646, 563.96], [0.3669, 29.99], [0.3675, 14.0], [0.368, 8.0]], 'version': 1038114555, 'ts': 1684399761801}}


18.05.2023 12:49 18.05.2023 12:49
ribbitusdt {'ts': 1684399788336, 'status': 'error', 'err-code': 'invalid-parameter', 'err-msg': 'invalid symbol'}


18.05.2023 12:50 18.05.2023 12:50
trvlusdt {'ts': 1684399812867, 'status': 'error', 'err-code': 'invalid-parameter', 'err-msg': 'invalid symbol'}


18.05.2023 12:50 18.05.2023 12:50
emonusdt {'ts': 1684399837746, 'status': 'error', 'err-code': 'invalid-parameter', 'err-msg': 'invalid symbol'}


18.05.2023 12:50 18.05.2023 12:50
kokusdt {'ch': 'market.kokusdt.depth.step0', 'status': 'ok', 'ts': 1684399844616, 'tick': {'bids': [[0.0339, 619.469], [0.0338, 3954.3182], [0.0337, 1997.0], [0.0335, 4214.1598], [0.0334, 1326.2171], [0.0323, 4139.4709], [0.0322, 622.3217], [0.0319, 465.5172], [0.0318, 526.3778], [0.0317, 6402.2082], [0.0316, 3084.8614], [0.0303, 1188.0], [0.03, 1363.9387], [0.0297, 2496.0534], [0.0291, 2242.6058], [0.029, 791.5204], [0.0104, 1408.9345], [0.0101, 5834.9221], [0.01, 3654.5957], [0.0001, 20000.0]], 'asks': [[0.0347, 11388.495], [0.0348, 4404.2935], [0.0352, 323.5294], [0.0358, 3760.5157], [0.0359, 418.7746], [0.0369, 378.2637], [0.037, 697.6512], [0.04, 1000.0], [0.0443, 970.1269], [0.0445, 970.2268], [0.0446, 970.1268], [0.045, 1458.0583], [0.0451, 1374.7509], [0.0463, 9701.54], [0.0645, 6410.0], [0.065, 259.7648], [0.0695, 8752.2572], [0.0814, 149.1611], [0.0829, 1018.5841], [0.083, 2837.9291], [0.088, 1293.4136], [0.09, 140.4716], [0.093, 1347.6828], [0.095, 147.1109], [0.098, 1889.6077], [0.1, 2102.6306], [0.1067, 308.7834], [0.1088, 1940.8207], [0.11, 147.4742], [0.1135, 32780.7663], [0.1161, 1496.2406], [0.1168, 864.4535], [0.119, 85.0], [0.13, 58408.5752], [0.1383, 112.641], [0.14, 2728.5359], [0.1481, 74.2857], [0.15, 394.9254601955307], [0.16, 63.125], [0.1699, 102.4386], [0.18, 96.028], [0.1972, 52.5975], [0.2, 126.72], [0.2189, 4.65], [0.22, 1245.7962], [0.25, 151.3749], [0.254, 39.5111], [0.2554, 5.8862], [0.2608, 5.8862], [0.2663, 5.8862], [0.2717, 5.8862], [0.2771, 5.8862], [0.2826, 5.8862], [0.288, 5.8862], [0.2934, 5.8862], [0.2989, 5.8862], [0.3, 136.6956], [0.3043, 5.8862], [0.3097, 5.8862], [0.3152, 5.8862], [0.3206, 5.8862], [0.326, 5.8862], [0.33, 4992.0], [0.3315, 5.8862], [0.3369, 5.8862], [0.34, 141.8641], [0.3423, 5.8862], [0.3478, 5.8862], [0.35, 3000.0], [0.3532, 5.8862], [0.3586, 5.8862], [0.3641, 5.8862], [0.3695, 5.8862], [0.375, 5.8862], [0.3773, 4.5791], [0.38, 8.12], [0.3804, 5.8862], [0.3858, 5.8862], [0.3886, 4.5791], [0.3913, 5.8862], [0.3947, 119.8663], [0.3967, 5.8862], [0.3973, 9.2961], [0.3999, 4.5791], [0.4, 11705.2591], [0.4021, 5.8862], [0.4076, 5.8862], [0.413, 5.8862], [0.4184, 5.8862], [0.4239, 5.8862], [0.4293, 5.8862], [0.4347, 5.8862], [0.4402, 5.8862], [0.4436, 9.2961], [0.4456, 5.8862], [0.448, 8.93], [0.45, 809.7278], [0.451, 5.8862], [0.4521, 136.9374], [0.4565, 5.8862], [0.4619, 5.8862], [0.4673, 5.8862], [0.47, 4.65], [0.471, 30.0], [0.4728, 5.8862], [0.4782, 5.8862], [0.479, 4.95], [0.4797, 8500.0], [0.48, 4.9446], [0.481, 2.328], [0.482, 49.5567], [0.4836, 5.8862], [0.485, 20.88], [0.4854, 167.7174], [0.4891, 5.8862], [0.4899, 9.2961], [0.49, 70.2164], [0.4911, 3011.1412], [0.4945, 5.8862], [0.495, 2.03], [0.4999, 28.08], [0.5, 673.4825], [0.51, 2008.5058], [0.5194, 5.4725], [0.52, 111.371], [0.521, 50.0], [0.528, 3.8], [0.5377, 16.43], [0.548, 7.3], [0.56, 383.6], [0.571, 75.0], [0.5716, 12.9159], [0.58, 8.7], [0.6, 5422.4763], [0.621, 100.0], [0.628, 3.2], [0.648, 6.2], [0.671, 125.0], [0.68, 8.83], [0.7, 8.15], [0.721, 150.0], [0.728, 2.8], [0.748, 5.37], [0.7489, 27.03], [0.75, 4.9268], [0.771, 175.0], [0.78, 9.0], [0.8, 6.37], [0.821, 200.0], [0.828, 2.5]], 'version': 126052382, 'ts': 1684399842972}}


18.05.2023 12:50 18.05.2023 12:50
reefusdt {'ch': 'market.reefusdt.depth.step0', 'status': 'ok', 'ts': 1684399856493, 'tick': {'bids': [[0.002286, 438356.1644], [0.002285, 42454.2], [0.002281, 75287.7], [0.002277, 438020.1489], [0.002275, 203882.0439], [0.002274, 438596.4912], [0.002269, 16144.9611], [0.002268, 657606.313], [0.002261, 659340.6593], [0.002255, 9200.438], [0.00224, 295250.587], [0.002227, 5705.4037], [0.002226, 76485.8501], [0.00205, 30359.4368], [0.002046, 14662.0], [0.002, 44960.0798], [0.001968, 21341.0], [0.0019, 20778.9881], [0.001888, 28601.0], [0.00181, 151612.8687], [0.0018, 84000.0], [0.0016, 94000.0], [0.0015, 10000.0], [0.0014, 108000.0], [0.0012, 125000.0], [0.0011, 182593.0106], [0.001, 165000.0], [0.0009, 167000.0], [0.0006, 169146.1681], [0.0005, 200560.5892], [0.0004, 250099.5225], [0.0003, 338346.311], [0.000204, 45095.6833], [0.0002, 502397.1703], [0.000107, 100000.0], [0.0001, 1002936.0507], [3.1e-05, 1402463.1528], [2.4e-05, 248305.967], [1.1e-05, 2664679.9904], [5e-06, 9676995.7547], [4e-06, 298647.5263], [1e-06, 5005005.0]], 'asks': [[0.002313, 37937.4471], [0.002344, 24474.1227], [0.002345, 24994.086], [0.002353, 22000.0], [0.002492, 215744.2222], [0.002494, 235374.7704], [0.002501, 24585.0], [0.002503, 30805.6798], [0.002506, 45874.0], [0.002513, 41258.0], [0.002549, 15724.5177], [0.00278, 35952.1825], [0.0028, 11250.0], [0.00289, 5788.9069], [0.00298, 21114.7739], [0.003, 44792.6936], [0.00324, 100000.0], [0.003306, 5457.5064], [0.00335, 3012.5088], [0.0034, 7500.0], [0.00347, 2916.2149], [0.0035, 6888.0], [0.00352, 7104.0], [0.003542, 10915.6726], [0.003599, 7892.1102], [0.0036, 157116.4532], [0.00361, 5988.0], [0.00362, 10000.0], [0.003636, 10000.0], [0.003639, 10000.0], [0.0037, 1727343.251], [0.003749, 5589.3668], [0.00381, 15330.8628], [0.003839, 39140.0185], [0.00385, 3093.8556], [0.003865, 5354.8222], [0.003878, 5988.0], [0.003907, 3234.3747], [0.003953, 7598.3124], [0.003975, 16806.4034], [0.004, 39280.6104], [0.00414, 4031.4305], [0.004229, 2368.0394], [0.004244, 11781.3384], [0.004324, 6259.3357], [0.004378, 13500.0], [0.00438, 41746.6658], [0.0044, 45236.0406], [0.0045, 82195.5985], [0.0046, 124033.0466], [0.004695, 219706.3182], [0.0047, 5200.0382], [0.004721, 7598.3124], [0.00475, 2994.0], [0.004864, 268485.3438], [0.00488, 13264.6493], [0.004905, 25152.1508], [0.004983, 1152.3721], [0.005, 801983.2452], [0.005104, 2000.0], [0.005166, 1152.3721], [0.005206, 7598.3124], [0.0053, 152088.2864], [0.005349, 1152.3721], [0.0054, 286388.1197], [0.005401, 12993.7899], [0.005485, 15330.8628], [0.005487, 31775.7264], [0.0055, 155222.2629], [0.005533, 1152.3721], [0.005544, 74882.5], [0.005555, 2222.2222], [0.0056, 19960.0], [0.0057, 1769.6948], [0.005716, 1152.3721], [0.00577, 80596.5712], [0.0058, 30948.5431], [0.005844, 1744.0], [0.005868, 7598.3125], [0.005899, 1152.3721], [0.0059, 23750.0], [0.005913, 179025.5959], [0.006, 46495.0426], [0.006083, 1152.3721], [0.006101, 4000.0], [0.006138, 29687.6036], [0.00616, 6288.0377], [0.006195, 283.0], [0.0062, 7802.1661], [0.006212, 5822.9687], [0.006266, 1152.3721], [0.006269, 4500.0], [0.0063, 4736.6017], [0.006391, 4500.0], [0.0064, 133952.1028], [0.006449, 1152.3721], [0.006489, 4500.0], [0.006633, 1152.3721], [0.006666, 2222.22], [0.006667, 3000.0], [0.0067, 13494.6441], [0.006746, 4500.0], [0.00675, 30000.0], [0.0068, 39737.6626], [0.00681, 62928.109], [0.006816, 1152.3721], [0.0069, 28448.1888], [0.006902, 49710.4027], [0.006999, 1152.3721], [0.007, 110083.84], [0.007011, 3500.0], [0.0071, 9138.1382], [0.007137, 3500.0], [0.007211, 988.058], [0.00729, 2200.0], [0.007323, 988.058], [0.007357, 159.0], [0.007378, 4492.8], [0.007435, 988.058], [0.0075, 205465.1548], [0.007547, 988.058], [0.007603, 18864.1132], [0.007645, 2500.0], [0.00765, 14661.504], [0.007658, 988.058], [0.007671, 4492.8], [0.00777, 988.058], [0.007777, 2222.2222], [0.0078, 1100.0], [0.007837, 4492.8], [0.007881, 2000.0], [0.007882, 988.058], [0.007895, 1997.2], [0.007899, 1997.2], [0.0079, 63273.6978], [0.007994, 988.058], [0.008, 39939.874], [0.008105, 988.058], [0.008108, 4492.8], [0.008121, 4400.0], [0.008127, 104835.5], [0.0082, 24960.0], [0.008212, 203.0], [0.008217, 988.058], [0.008329, 988.058], [0.008348, 211.4], [0.008402, 619.0], [0.008441, 988.058], [0.008459, 5491.2], [0.008552, 988.058]], 'version': 1748424391, 'ts': 1684399855423}}


18.05.2023 12:51 18.05.2023 12:51
suterusdt {'ts': 1684399865138, 'status': 'error', 'err-code': 'invalid-parameter', 'err-msg': 'invalid symbol'}


18.05.2023 12:51 18.05.2023 12:51
reeltusdt {'ts': 1684399870565, 'status': 'error', 'err-code': 'invalid-parameter', 'err-msg': 'invalid symbol'}


18.05.2023 12:51 18.05.2023 12:51
cvtxusdt {'ts': 1684399876799, 'status': 'error', 'err-code': 'invalid-parameter', 'err-msg': 'invalid symbol'}


18.05.2023 12:51 18.05.2023 12:51
was,
hapiusdt {'ts': 1684399882512, 'status': 'error', 'err-code': 'invalid-parameter', 'err-msg': 'invalid symbol'}


18.05.2023 12:51 18.05.2023 12:51
moonusdt {'ts': 1684399894636, 'status': 'error', 'err-code': 'invalid-parameter', 'err-msg': 'invalid symbol'}


18.05.2023 12:51 18.05.2023 12:51
cnameusdt {'ts': 1684399900463, 'status': 'error', 'err-code': 'invalid-parameter', 'err-msg': 'invalid symbol'}


18.05.2023 12:51 18.05.2023 12:51
voltusdt {'ch': 'market.voltusdt.depth.step0', 'status': 'ok', 'ts': 1684399905448, 'tick': {'bids': [[9.049e-07, 1470899999.99], [9.028e-07, 205373148.44], [9.027e-07, 1321510207.95], [8.959e-07, 350341272.0], [8.9e-07, 370214376.02], [8.887e-07, 190765756.87], [8.82e-07, 98833187.0], [8.816e-07, 317038352.86], [8.773e-07, 852615980.84], [8.772e-07, 17618855.79], [8.746e-07, 27807234.03], [8.722e-07, 69539153.0], [8.72e-07, 571677745.42], [8.676e-07, 490154956.48], [8.675e-07, 325612038.0], [8.606e-07, 258888969.0], [8.586e-07, 12811553.0], [8.537e-07, 290729818.0], [8.523e-07, 238120380.14], [8.469e-07, 352478822.0], [8.401e-07, 1512339620.99], [8.4e-07, 47619047.61], [8.334e-07, 291825230.0], [8.267e-07, 337896786.0], [8.227e-07, 109068358.96], [8.202e-07, 54755076.73], [8.201e-07, 310742545.0], [8.18e-07, 13447432.0], [8.153e-07, 30601652.82], [8.135e-07, 234911056.0], [8.07e-07, 308313660.0], [8.005e-07, 297967456.0], [8e-07, 81658588.18], [7.941e-07, 317731184.0], [7.905e-07, 7707606395.7], [7.896e-07, 7707606395.7], [7.889e-07, 7707606395.7], [7.887e-07, 3977093883.65], [7.877e-07, 328833886.0], [7.863e-07, 13989571.0], [7.82e-07, 23391887539.15], [7.814e-07, 165742720.0], [7.8e-07, 38461538.46], [7.796e-07, 11454014876.67], [7.751e-07, 277419352.0], [7.75e-07, 64516129.03], [7.741e-07, 7707606395.7], [7.689e-07, 327847022.0], [7.685e-07, 3977093883.65], [7.63e-07, 1883090757.74], [7.627e-07, 321605867.0], [7.574e-07, 1883090757.74], [7.566e-07, 342190042.0], [7.519e-07, 1883090757.74], [7.505e-07, 270634235.0], [7.5e-07, 66666666.66], [7.445e-07, 262865299.0], [7.385e-07, 209172693.0], [7.25e-07, 68965517.24], [7.23e-07, 19158588.18], [7.186e-07, 31512272.65], [7e-07, 122142857.13], [6.75e-07, 74074074.07], [6.461e-07, 19158588.18], [5e-07, 20000000.0], [3.3e-07, 31818181.81], [8.81e-08, 190480326.56]], 'asks': [[9.067e-07, 586899999.99], [9.068e-07, 1068384969.0], [9.136e-07, 427252822.07], [9.137e-07, 68965517.0], [9.139e-07, 49498184.03], [9.14e-07, 27905646.95], [9.141e-07, 554410316.0], [9.142e-07, 299001029.0], [9.217e-07, 165247439.0], [9.29e-07, 81451522.3], [9.291e-07, 280302008.0], [9.366e-07, 215855821.0], [9.441e-07, 382466107.0], [9.5e-07, 11642556.97], [9.517e-07, 352757830.0], [9.518e-07, 981212650.0], [9.521e-07, 2104362862.12], [9.538e-07, 19124102.72], [9.674e-07, 169601767.0], [9.754e-07, 491737966.0], [9.832e-07, 1436353907.0], [9.869e-07, 34273870.89], [9.899e-07, 1166473353.7], [9.912e-07, 179784902.0], [9.99e-07, 199169023.21], [9.992e-07, 1020207532.0], [1e-06, 10030000.0], [1.0073e-06, 149175514.0], [1.0156e-06, 934857371.0], [1.0237e-06, 21488572.0], [1.03e-06, 5497397568.0], [1.0307e-06, 19124102.72], [1.0319e-06, 31979843.0], [1.032e-06, 305029471.0], [1.0403e-06, 166843930.0], [1.0488e-06, 201485292.0], [1.0573e-06, 916540930.0], [1.06e-06, 405334160.27], [1.0655e-06, 39528892.35], [1.0659e-06, 1354310860.0], [1.07e-06, 9425719.9], [1.0745e-06, 1004136422.0], [1.0831e-06, 353694508.0], [1.0883e-06, 12472509.94], [1.1e-06, 239998028.26], [1.1076e-06, 19124102.72], [1.13e-06, 44247787.61], [1.15e-06, 30527154.91], [1.1846e-06, 19124102.72], [1.199e-06, 751663290.37], [1.2e-06, 33942504.71], [1.24e-06, 40776382.31], [1.2615e-06, 19124102.72], [1.27e-06, 1168692174.1], [1.2925e-06, 39817902.81], [1.3e-06, 311496000.0], [1.3352e-06, 12767426.73], [1.3384e-06, 19124102.72], [1.4153e-06, 19124102.72], [1.48e-06, 37126269.14], [1.4923e-06, 19124102.72], [1.499e-06, 10481250.0], [1.5e-06, 684680047.0], [1.5115e-06, 89360846.51], [1.5692e-06, 19124102.72], [1.588e-06, 31547368.41], [1.6e-06, 82953029.9], [1.6461e-06, 19124102.72], [1.65e-06, 18266667.33], [1.6826e-06, 6854866.41], [1.6898e-06, 1006244973.28], [1.7e-06, 257855129.54], [1.7184e-06, 29678770.94], [1.723e-06, 19124102.72], [1.78e-06, 90523516.82], [1.7999e-06, 19124102.72], [1.8002e-06, 15974037.52], [1.8059e-06, 28240766.37], [1.8979e-06, 26871805.67], [1.91e-06, 18400000.0], [1.9933e-06, 11792791.26], [1.9946e-06, 25569036.39], [2e-06, 71053733.11], [2.0711e-06, 10535444.92], [2.0962e-06, 24329739.52], [2.203e-06, 23150249.65], [2.3152e-06, 22028334.48], [2.4332e-06, 20960052.6], [2.44e-06, 19991191.18], [2.4696e-06, 63910400.0], [2.5571e-06, 19944468.34], [2.6249e-06, 6091952.6], [2.6874e-06, 18977450.32], [2.8243e-06, 18057571.78], [2.945e-06, 84964586.52], [2.9682e-06, 17182130.58], [2.9904e-06, 3452689.84], [3e-06, 53127132.71], [3.1195e-06, 16348773.84], [3.185e-06, 11086655.67], [3.268e-06, 60914600.0], [3.2784e-06, 15556368.96], [3.4454e-06, 14802345.15], [3.6e-06, 5833333.33], [3.621e-06, 14084507.04], [3.8054e-06, 13402007.67], [3.9993e-06, 12752231.64], [4.2031e-06, 12133901.16], [4.4172e-06, 11545775.6], [4.6423e-06, 10985933.69], [4.8e-06, 2104166.66], [4.8788e-06, 10453390.17], [4.9e-06, 111800000.0], [5e-06, 230976243.43], [5.5e-06, 643576491.49], [7.5e-06, 643576491.49], [7.9e-06, 55900000.0], [8.401e-06, 7646159468.1], [8.673e-06, 2807438.91], [8.732e-06, 9376928.76], [9.9e-06, 41925000.0], [1e-05, 8678313.26], [1.23e-05, 75569687.59], [1.4e-05, 7508034.52], [1.6399e-05, 1000000.0], [9e-05, 27722223.47], [9.1673e-05, 1393341.34], [0.0001, 1872000.0], [0.00013657, 6715669.77], [0.00014895, 6828202.47], [0.0002, 1000000.0], [0.00025, 11931668.17], [0.0006, 25540477.01], [0.0007, 331073503.37], [0.000777, 6285871.2], [0.0008, 4386423.39], [0.00081, 29791746.21], [0.000901673, 55894.11], [0.00099027, 12634937.75], [0.001, 45162588.25], [0.0013573, 35147149.68], [0.0016202, 3107696.13], [0.002, 1000000.0], [0.002091673, 1128281.96], [0.00245, 80000000.0], [0.0045, 139164245.63], [0.00639, 1501987.75], [0.0075, 69534585.5], [0.0089, 200000000.0], [0.009, 100000.0]], 'version': 37702000, 'ts': 1684399902921}}


18.05.2023 12:51 18.05.2023 12:51
lgxusdt {'ts': 1684399911265, 'status': 'error', 'err-code': 'invalid-parameter', 'err-msg': 'invalid symbol'}


18.05.2023 12:51 18.05.2023 12:51
gptusdt {'ts': 1684399916186, 'status': 'error', 'err-code': 'invalid-parameter', 'err-msg': 'invalid symbol'}


18.05.2023 12:52 18.05.2023 12:52
tsukausdt {'ts': 1684399920488, 'status': 'error', 'err-code': 'invalid-parameter', 'err-msg': 'invalid symbol'}


18.05.2023 12:52 18.05.2023 12:52
unbusdt {'ch': 'market.unbusdt.depth.step0', 'status': 'ok', 'ts': 1684399925259, 'tick': {'bids': [[0.0008, 26250.0], [0.000796, 156389.9677], [0.000795, 793756.6899], [0.000788, 68930.0], [0.00078, 69092.584], [0.00077, 38961.0], [0.000763, 131522.3535], [0.000762, 259842.5196], [0.00076, 76820.0217], [0.000749, 180240.2349], [0.000743, 399730.8209], [0.000741, 668016.1943], [0.00074, 13580.693], [0.000718, 689415.0417], [0.000716, 67039.0], [0.00071, 73093.25], [0.000708, 699152.5423], [0.00068, 17860.7459], [0.000675, 733333.3333], [0.000505, 9950.0], [0.0005, 14377.8018], [0.000201, 50248.7562], [0.00013, 80000.0], [0.000101, 49555.0], [8.9e-05, 225851.5468], [6.4e-05, 16943.185], [1.4e-05, 76943.185], [1e-06, 9375000.5875]], 'asks': [[0.000833, 13213.2132], [0.000854, 30763.9838], [0.000855, 48268.3492], [0.000876, 11716.4757], [0.000881, 75889.4751], [0.000882, 127596.6969], [0.000919, 34841.2525], [0.000984, 46681.3921], [0.00099, 29860.1249], [0.001061, 55261.911], [0.00119, 24000.0], [0.001199, 93094.0], [0.0012, 104017.63], [0.00124, 111347.0619], [0.00128, 108801.9862], [0.0013, 57474.548], [0.00132, 101185.8472], [0.001433, 44011.963], [0.00144, 8000.0], [0.0015, 84999.3106], [0.001577, 563023.6935], [0.00158, 18689.1385], [0.00161, 12500.0], [0.0017, 57474.548], [0.0018, 96295.2571], [0.00184, 106572.1478], [0.00186, 563023.6936], [0.001875, 136527.9004], [0.002, 113348.2861], [0.002198, 461873.0], [0.0022, 112874.3624], [0.002245, 670254.5229], [0.002253, 6300.0], [0.002299, 5000.0], [0.002395, 180268.7869], [0.00247, 689745.1069], [0.002493, 111462.6075], [0.002499, 5000.0], [0.0025, 169466.9622], [0.002584, 199157.8207], [0.0026, 6051.408], [0.002714, 3687.4029], [0.00272, 26034.7529], [0.0028, 16565.0], [0.002862, 181957.8271], [0.0029, 58834.1298], [0.002904, 6300.0], [0.002996, 3340.0], [0.002999, 8420.0], [0.003, 129286.1372], [0.0031, 3500.0], [0.003184, 95628.9469], [0.0032, 105153.0], [0.00322, 62509.0614], [0.00323, 3269.9611], [0.003246, 13588.1664], [0.003333, 95466.4028], [0.0034, 170501.9508], [0.003465, 92537.6856], [0.003499, 3420.0], [0.0035, 223102.5267], [0.0036, 5000.0], [0.003667, 5454.0496], [0.0037, 85465.9041], [0.003707, 8887.8337], [0.003776, 5296.6101], [0.003814, 6300.0], [0.00387, 76997.9168], [0.003876, 76837.9502], [0.003887, 5145.3563], [0.0039, 2735.0398], [0.003999, 2510.0], [0.004, 15157.59], [0.004029, 4964.0109], [0.00406, 70605.8093], [0.0041, 2971.163], [0.0042, 10000.0], [0.004228, 4730.3689], [0.00423, 3513.3756], [0.004317, 623.6684], [0.004426, 4518.7528], [0.004444, 259178.2553], [0.00445, 37480.2075], [0.004499, 2490.0], [0.0045, 194028.0296], [0.00456, 1500000.0], [0.00488, 5323.41], [0.0049, 6309.2676], [0.005, 9867.6778], [0.0055, 4499.009], [0.005607, 27842.9044], [0.0057, 3252.0], [0.005747, 2157.0], [0.0059, 2073.5699], [0.005998, 14993.093], [0.006, 1717.3311], [0.00618, 1093.8761], [0.0065, 6442.5775], [0.006533, 1940.2615], [0.006551, 34226.2673], [0.0067, 12540.282], [0.007, 22829.7985], [0.00712, 8734.7964], [0.00729, 926.056683127572], [0.0073, 4983.2046], [0.007631, 5625.9807], [0.00765, 52439.6889], [0.007777, 25945.7149], [0.00785, 5489.0], [0.008, 6497.0], [0.008072, 1227.3151], [0.008157, 2500.0], [0.0085, 600.6547], [0.008675, 183.1212], [0.008955, 17723.7186], [0.008996, 4001.7785], [0.009, 169297.9834], [0.0092, 600.6547], [0.009213, 2983.469], [0.009222, 16428.2649], [0.009403, 600.6547], [0.0095, 1848.5], [0.009672, 518.1397], [0.0098, 12271.1484], [0.009888, 2704.58], [0.00996, 28218.6345], [0.00998, 1505.0], [0.009999, 2083.3333], [0.01, 266912.0901], [0.0105, 485.5215], [0.010556, 7631.8637], [0.010681, 853.5153], [0.0108, 4595.4698], [0.011, 102358.6587], [0.0111, 1317.5158], [0.011111, 112184.454], [0.01119, 13102.1947], [0.0115, 2816.356], [0.0116, 7520.089], [0.01161, 48013.11], [0.011636, 540.2943], [0.0118, 5489.0], [0.01198, 4166.6666], [0.01199, 4166.6666], [0.012, 7371.5316], [0.0122, 3600.0], [0.0127, 10460.6035], [0.012954, 540.2943], [0.013, 10000.0], [0.01306, 1940.2615]], 'version': 201491506, 'ts': 1684399924766}}


18.05.2023 12:52 18.05.2023 12:52
xenusdt {'ch': 'market.xenusdt.depth.step0', 'status': 'ok', 'ts': 1684399931657, 'tick': {'bids': [[2.27e-06, 301448111.63], [2.26e-06, 99366168.57], [2.25e-06, 11066021.77], [2.24e-06, 560704325.09], [2.23e-06, 56053206.89], [2.22e-06, 70938319.3], [2.21e-06, 31368745.46], [2.2e-06, 212885211.15], [2.19e-06, 11369200.45], [2.18e-06, 1240284417.61], [2.17e-06, 28634306.01], [2.16e-06, 252739391.81], [2.15e-06, 299113330.77], [2.14e-06, 11634835.97], [2.13e-06, 78988995.22], [2.12e-06, 58914409.9], [2.11e-06, 11800260.18], [2.1e-06, 461275171.71], [2.09e-06, 152343182.94], [2.08e-06, 26648167.89], [2.07e-06, 59309323.01], [2.06e-06, 12086674.26], [2.05e-06, 53134677.66], [2.04e-06, 12205171.07], [2.03e-06, 12265295.07], [2.02e-06, 122118108.65], [2.01e-06, 32993225.74], [2e-06, 517386196.4], [1.99e-06, 12511833.66], [1.98e-06, 12575024.74], [1.97e-06, 12638857.35], [1.96e-06, 37193136.32], [1.95e-06, 135325959.57], [1.94e-06, 27512015.25], [1.93e-06, 12900802.58], [1.92e-06, 12967994.26], [1.91e-06, 25203454.6], [1.9e-06, 591931630.16], [1.89e-06, 26401350.44], [1.88e-06, 31861781.37], [1.87e-06, 27992443.73], [1.86e-06, 13386316.66], [1.85e-06, 80930433.28], [1.84e-06, 18971566.21], [1.83e-06, 13605764.47], [1.82e-06, 13680521.42], [1.81e-06, 13756104.41], [1.8e-06, 368520926.84], [1.79e-06, 13909803.9], [1.78e-06, 13987948.87], [1.77e-06, 32318324.45], [1.76e-06, 14146902.83], [1.75e-06, 20533495.98], [1.74e-06, 14309510.91], [1.73e-06, 14392224.85], [1.72e-06, 14475900.57], [1.71e-06, 14560554.96], [1.7e-06, 105484052.01], [1.69e-06, 21241744.95], [1.68e-06, 14820564.87], [1.67e-06, 14909310.77], [1.66e-06, 14999125.9], [1.65e-06, 42467051.11], [1.64e-06, 15182042.06], [1.63e-06, 40413179.91], [1.62e-06, 15369474.68], [1.61e-06, 15464937.26], [1.6e-06, 1425556576.15], [1.59e-06, 169118584.77], [1.58e-06, 15758575.31], [1.57e-06, 15858948.4], [1.56e-06, 182954562.64], [1.54e-06, 20334714.97], [1.53e-06, 41065532.13], [1.52e-06, 803849879.81], [1.51e-06, 6854455.23], [1.5e-06, 924154814.48], [1.42e-06, 61598298.2], [1.4e-06, 463198564.85], [1.35e-06, 651776039.8], [1.33e-06, 11278195.48], [1.32e-06, 92397447.29], [1.29e-06, 38759689.92], [1.28e-06, 23440931.11], [1.25e-06, 100000000.0], [1.24e-06, 41746927.51], [1.23e-06, 8226076.11], [1.2e-06, 17653201.24], [1.16e-06, 259051417.18], [1.13e-06, 9124797.22], [1.1e-06, 90909090.9], [1e-06, 2624829243.46], [9.8e-07, 363037534.65], [9.5e-07, 135850043.0], [9.1e-07, 47252747.24], [8.6e-07, 593670521.58], [8.5e-07, 1764705882.34], [8.4e-07, 595238095.23], [8.2e-07, 14801611.48], [8.1e-07, 25925925.92], [8e-07, 922752317.44], [7.9e-07, 29729055.45], [7.7e-07, 12987013.11], [7.6e-07, 40529544.92], [7.5e-07, 432432410.1], [7.2e-07, 76614544.88], [7.1e-07, 45070422.52], [7e-07, 1287969761.4], [6.9e-07, 84743213.01], [6.8e-07, 16176470.57], [6.6e-07, 25000001.0], [6.5e-07, 27364094.64], [6.1e-07, 34426229.5], [6e-07, 25939035.0], [5.8e-07, 17931034.48], [5.1e-07, 294117647.05], [5e-07, 5555555.0], [4.1e-07, 51219512.19], [3.6e-07, 15000000.0], [3.1e-07, 67741935.48], [3e-07, 130391035.72], [2.8e-07, 357142857.14], [2.4e-07, 94650813.17], [1.1e-07, 106183410.36], [1e-07, 80050050.0], [9e-08, 35406204.13], [4e-08, 79364285.0], [1e-08, 470464404.15]], 'asks': [[2.3e-06, 10905127.64], [2.31e-06, 53034406.07], [2.32e-06, 311832377.59], [2.33e-06, 130351135.22], [2.34e-06, 769334296.34], [2.35e-06, 132181637.16], [2.36e-06, 162414692.19], [2.37e-06, 10580294.06], [2.38e-06, 412842605.41], [2.39e-06, 36365460.83], [2.4e-06, 15190367.69], [2.41e-06, 10403217.99], [2.42e-06, 93450010.0], [2.43e-06, 26194066.02], [2.44e-06, 25242459.88], [2.45e-06, 10231971.61], [2.46e-06, 182459037.24], [2.47e-06, 19508093.35], [2.48e-06, 136153810.12], [2.49e-06, 149967604.47], [2.5e-06, 350566024.02], [2.52e-06, 4406929.31], [2.53e-06, 111619941.54], [2.54e-06, 131699417.17], [2.55e-06, 20091841.46], [2.56e-06, 26849377.37], [2.57e-06, 52220975.7], [2.58e-06, 20779301.64], [2.59e-06, 4189384.66], [2.6e-06, 402565998.83], [2.61e-06, 40736199.57], [2.62e-06, 76649042.72], [2.63e-06, 17197881.64], [2.64e-06, 434700775.27], [2.65e-06, 25874451.96], [2.66e-06, 75478828.33], [2.67e-06, 7456815.9], [2.68e-06, 49587583.72], [2.69e-06, 473919336.64], [2.7e-06, 4382521.74], [2.71e-06, 97241452.28], [2.72e-06, 25554600.78], [2.76e-06, 145874439.98], [2.77e-06, 12580449.96], [2.79e-06, 125418696.95], [2.8e-06, 835581766.22], [2.81e-06, 334290214.22], [2.84e-06, 63519294.17], [2.85e-06, 150000000.0], [2.86e-06, 99991841.28], [2.87e-06, 7456815.9], [2.88e-06, 97377620.43], [2.89e-06, 25127318.17], [2.9e-06, 197484213.78], [2.91e-06, 69144940.63], [2.92e-06, 143100877.85], [2.93e-06, 23298875.25], [2.95e-06, 12527196.65], [2.96e-06, 67956883.23], [2.97e-06, 22425023.3], [2.98e-06, 8204335.32], [2.99e-06, 147017645.05], [3e-06, 1784478713.92], [3.01e-06, 66808962.9], [3.02e-06, 14968207.4], [3.04e-06, 18330063.75], [3.06e-06, 65699179.46], [3.07e-06, 67375955.16], [3.08e-06, 7456815.9], [3.09e-06, 46303911.51], [3.1e-06, 814610423.26], [3.11e-06, 1208902647.0], [3.12e-06, 31471637.01], [3.13e-06, 40450178.23], [3.14e-06, 14648356.22], [3.15e-06, 126918047.52], [3.16e-06, 63586665.67], [3.18e-06, 22425023.3], [3.2e-06, 196554624.44], [3.21e-06, 23403333.0], [3.22e-06, 67704181.59], [3.23e-06, 44798162.41], [3.24e-06, 3381279.3], [3.25e-06, 14083282.68], [3.27e-06, 61605772.66], [3.28e-06, 145826742.34], [3.3e-06, 1006833477.74], [3.31e-06, 1077153947.0], [3.32e-06, 679224.19], [3.34e-06, 14968207.4], [3.35e-06, 14648356.22], [3.36e-06, 11099965.42], [3.37e-06, 59744571.05], [3.38e-06, 40779770.91], [3.39e-06, 128689827.61], [3.4e-06, 219836394.56], [3.41e-06, 19162643.26], [3.42e-06, 104072084.37], [3.43e-06, 13521552.94], [3.44e-06, 67986199.87], [3.45e-06, 323392518.11], [3.46e-06, 29829955.01], [3.47e-06, 120138149.46], [3.48e-06, 491074853.84], [3.49e-06, 238495606.02], [3.5e-06, 793242014.62], [3.53e-06, 29829955.01], [3.54e-06, 56826014.42], [3.55e-06, 6197183.09], [3.59e-06, 33723170.54], [3.6e-06, 195651017.58], [3.61e-06, 29829955.01], [3.63e-06, 8729339.16], [3.64e-06, 4610039.41], [3.66e-06, 63948207.39], [3.67e-06, 5123634.06], [3.69e-06, 62286770.91], [3.7e-06, 2842000.0], [3.72e-06, 54031292.4], [3.76e-06, 29829955.01], [3.77e-06, 51415837.35], [3.78e-06, 16658775.69], [3.79e-06, 79604643.02], [3.8e-06, 319265120.01], [3.84e-06, 82284737.55], [3.85e-06, 368846925.33], [3.88e-06, 345951522.04], [3.89e-06, 120922104.0], [3.9e-06, 435001620.98], [3.92e-06, 29829955.01], [3.94e-06, 8729339.16], [3.95e-06, 60967662.43], [3.96e-06, 7929436.53], [3.97e-06, 100000000.0], [3.98e-06, 63369373.8], [3.99e-06, 47946915.09], [4e-06, 767962046.14], [4.01e-06, 50191505.13], [4.06e-06, 27174072.94], [4.07e-06, 83878626.97], [4.09e-06, 20000000.0], [4.1e-06, 8729339.16], [4.12e-06, 5123634.06], [4.13e-06, 48708012.36], [4.14e-06, 7929436.53], [4.15e-06, 29829955.01], [4.19e-06, 52998672.38], [4.2e-06, 25542819.78], [4.23e-06, 29829955.01], [4.24e-06, 10000000.0]], 'version': 57453480, 'ts': 1684399920726}}


18.05.2023 12:52 18.05.2023 12:52
konusdt {'ts': 1684399936639, 'status': 'error', 'err-code': 'invalid-parameter', 'err-msg': 'invalid symbol'}


18.05.2023 14:11 18.05.2023 14:11
btcusdt {'ch': 'market.btcusdt.depth.step0', 'status': 'ok', 'ts': 1684404660202, 'tick': {'bids': [[27412.34, 0.317303], [27412.0, 1.0], [27411.12, 0.054708], [27410.75, 0.001], [27410.73, 0.080245], [27410.29, 0.010535], [27410.0, 1.0], [27409.48, 1.12], [27408.0, 1.0], [27407.99, 0.078696], [27407.97, 0.15], [27407.0, 0.082062], [27406.81, 0.133289], [27406.8, 0.018109], [27406.12, 0.036487], [27406.0, 1.0], [27405.63, 0.07295], [27405.41, 0.018236], [27405.08, 0.119522], [27405.0, 1.0], [27404.2, 0.103], [27404.07, 0.15], [27404.0, 1.0], [27403.76, 0.1], [27403.29, 0.1], [27403.28, 1.824599], [27402.53, 0.001156], [27402.0, 1.0], [27401.52, 0.130938], [27401.33, 0.2], [27400.0, 1.0], [27399.1, 0.547081], [27398.35, 0.07], [27398.1, 0.2], [27398.05, 0.2], [27398.04, 0.2], [27397.99, 0.1], [27397.76, 0.5], [27397.6, 0.07149], [27397.41, 0.07295], [27395.26, 0.1], [27393.8, 3.35962], [27393.3, 0.07308], [27392.3, 0.45], [27391.83, 1.615552], [27390.53, 0.000729], [27386.26, 2.522393], [27385.33, 0.376449], [27382.53, 0.795706], [27381.4, 4.0583], [27381.12, 0.398739], [27380.29, 0.393805], [27380.0, 0.036523], [27378.08, 0.227362], [27377.9, 0.815319], [27377.49, 0.376953], [27374.2, 0.219298], [27373.11, 0.004315], [27372.59, 0.219524], [27372.01, 0.081486], [27367.11, 0.212049], [27362.5, 6.979142], [27362.44, 2.484694], [27360.0, 0.03655], [27358.9, 0.03335], [27357.98, 2.0742], [27355.7, 6.979142], [27355.58, 0.035464], [27350.0, 0.09283], [27348.6, 0.0205], [27347.33, 2.033], [27347.2, 0.0205], [27346.03, 1.823995], [27345.2, 0.144115], [27344.07, 0.911803], [27342.0, 6.979142], [27340.84, 0.0085], [27340.0, 0.036576], [27332.6, 1.0], [27324.5, 0.45], [27324.4, 0.022104], [27323.9, 0.057493], [27323.53, 0.00066], [27323.07, 0.002518], [27320.01, 0.001236], [27320.0, 0.036603], [27319.59, 17.426335], [27317.79, 0.547482], [27315.49, 4.0], [27313.89, 0.090948], [27310.77, 5.471987], [27301.99, 0.249754], [27301.22, 0.229487], [27300.9, 1.283241], [27300.0, 0.039755], [27288.21, 0.062098], [27288.2, 0.282175], [27285.71, 0.000669], [27285.21, 0.003602], [27283.75, 0.005648], [27282.73, 0.003666], [27282.05, 0.000472], [27281.28, 0.001262], [27280.0, 0.036657], [27278.96, 0.001099], [27278.12, 0.002602], [27277.78, 0.000466], [27276.76, 0.0085], [27274.48, 10.533613], [27273.87, 0.449761], [27272.08, 0.000952], [27268.13, 0.04918], [27264.23, 0.000919], [27262.5, 0.003602], [27260.02, 1.0], [27260.0, 0.036684], [27255.51, 0.00066], [27255.21, 0.00075], [27253.2, 0.000913], [27248.19, 1.458915], [27245.28, 0.005105], [27245.01, 0.003406], [27244.73, 0.001], [27240.65, 0.001108], [27240.24, 10.943974], [27240.0, 0.036711], [27237.2, 0.000776], [27235.12, 0.000678], [27232.14, 0.180064], [27231.11, 0.000415], [27230.76, 0.01453], [27221.9, 0.109017], [27220.0, 0.036738], [27212.5, 0.005674], [27211.99, 4.0], [27210.0, 0.1], [27208.2, 0.054771], [27206.59, 0.000604], [27204.5, 0.010943], [27202.34, 0.001099], [27202.24, 0.000855], [27200.0, 0.14049], [27196.06, 3.409299], [27192.51, 0.001504], [27187.48, 0.00066], [27180.0, 0.036792], [27173.68, 0.000451], [27172.41, 0.002755], [27166.67, 0.000478], [27166.66, 0.000698]], 'asks': [[27412.35, 0.549104], [27412.58, 0.0599], [27413.44, 0.012769], [27413.46, 0.080245], [27413.47, 0.036477], [27414.77, 0.052803], [27416.2, 0.080245], [27416.96, 0.036472], [27416.97, 0.037], [27417.2, 0.009207], [27417.95, 0.020238], [27417.96, 0.07295], [27417.99, 0.2126], [27418.0, 0.1], [27418.06, 0.0012], [27418.37, 0.96], [27418.48, 1.12], [27418.77, 0.15], [27418.94, 0.07295], [27419.0, 0.1], [27420.0, 0.136479], [27420.57, 0.072934], [27420.99, 0.74127], [27421.0, 0.1], [27421.68, 0.07295], [27422.0, 0.1], [27423.0, 0.1], [27423.78, 0.017947], [27424.0, 0.1], [27424.15, 0.001], [27424.68, 0.072951], [27425.0, 0.1], [27425.06, 0.1], [27425.3, 2.664999], [27426.0, 0.1], [27426.3, 0.547098], [27426.55, 0.097], [27427.0, 0.1], [27427.2, 2.39], [27427.55, 0.05], [27427.73, 0.081278], [27428.0, 0.1], [27428.66, 0.5], [27428.8, 0.072934], [27429.0, 0.1], [27429.01, 0.394311], [27429.97, 0.001826], [27430.0, 0.1], [27430.04, 1.822819], [27430.15, 0.281491], [27430.29, 0.05], [27430.4, 4.0583], [27431.0, 0.1], [27431.24, 0.00042], [27431.6, 0.00736], [27431.76, 0.537208], [27432.0, 0.1], [27432.89, 0.377002], [27433.0, 0.1], [27434.0, 0.1], [27435.0, 0.1], [27435.46, 0.001826], [27435.5, 0.000513], [27435.64, 0.816295], [27436.0, 0.1], [27436.08, 0.2], [27436.48, 0.2], [27437.0, 0.1], [27437.41, 0.797103], [27437.68, 0.2], [27437.94, 0.002343], [27438.0, 0.1], [27438.37, 0.003322], [27438.38, 0.399261], [27439.0, 0.1], [27439.99, 10.506301], [27440.0, 0.136453], [27440.93, 0.003702], [27440.94, 0.001826], [27441.0, 0.1], [27441.66, 5.0], [27442.0, 0.1], [27442.7, 6.979142], [27443.0, 0.1], [27443.86, 6.0], [27443.98, 1.823995], [27444.0, 0.1], [27445.0, 0.1], [27446.43, 0.001826], [27449.6, 6.979142], [27450.0, 2.581932], [27450.05, 0.005002], [27451.92, 0.003652], [27453.5, 0.001352], [27454.54, 0.000397], [27454.8, 0.069395], [27456.17, 3.232077], [27457.35, 0.072939], [27457.39, 0.001117], [27457.42, 0.003648], [27457.68, 5.471987], [27458.57, 0.017808], [27458.88, 0.0008], [27459.57, 0.000659], [27460.0, 0.036426], [27460.28, 0.067066], [27462.8, 0.0205], [27462.91, 0.003648], [27463.2, 0.0205], [27463.3, 6.979142], [27464.1, 0.0205], [27464.16, 1.0], [27465.51, 0.000544], [27466.66, 0.000471], [27468.3, 0.0205], [27468.4, 0.003648], [27468.69, 0.000718], [27469.13, 0.6742], [27473.68, 0.000816], [27473.89, 0.003648], [27479.39, 0.003648], [27479.5, 17.426335], [27480.0, 0.049576], [27481.19, 0.911834], [27483.9, 0.000432], [27484.88, 0.003644], [27485.1, 10.943974], [27486.0, 0.809917], [27488.0, 0.036534], [27490.0, 0.000958], [27490.38, 0.003644], [27492.0, 0.000424], [27492.12, 0.000918], [27492.25, 0.001193], [27495.88, 0.002733], [27499.42, 0.00128], [27500.0, 13.142521], [27500.5, 0.00045], [27501.1, 0.000364], [27501.25, 0.000364], [27501.37, 0.003644], [27504.26, 0.002944], [27505.15, 0.001153], [27505.28, 0.000368], [27506.87, 0.003644], [27507.68, 0.003322], [27507.69, 0.002513], [27508.82, 0.001098], [27508.86, 0.001787], [27509.43, 0.005095]], 'version': 163203404067, 'ts': 1684404659211}}


18.05.2023 14:11 18.05.2023 14:11
dogeusdt {'ch': 'market.dogeusdt.depth.step0', 'status': 'ok', 'ts': 1684404678046, 'tick': {'bids': [[0.074123, 2120.0], [0.074121, 7100.63], [0.07412, 6744.61], [0.074119, 4281.43], [0.07411, 226.98], [0.074104, 226.98], [0.074102, 5396.99], [0.074082, 1275.0], [0.074081, 269974.75], [0.074076, 56740.81], [0.074075, 44670.82], [0.074072, 740.0], [0.074071, 114177.4], [0.074057, 740.0], [0.074056, 3000.0], [0.074054, 740.0], [0.074046, 3000.0], [0.074038, 10790.6], [0.074037, 115417.4], [0.074036, 3000.0], [0.074026, 89340.8], [0.074006, 13505.3], [0.073967, 380.0], [0.073966, 114177.4], [0.073961, 380.0], [0.07396, 37764.83], [0.073957, 380.0], [0.073954, 135.22], [0.073938, 770.0], [0.073937, 125000.0], [0.073921, 1170.0], [0.07392, 82758.35], [0.073901, 380.0], [0.073859, 34511.1], [0.073855, 400.0], [0.073854, 278222.86], [0.073852, 400.0], [0.073843, 400.0], [0.073841, 780.0], [0.07384, 40535.06], [0.073814, 400.0], [0.073807, 135.49], [0.073792, 135.52], [0.073791, 1270.0], [0.07379, 103798.49], [0.073787, 380.0], [0.073786, 649.0], [0.073784, 780.0], [0.073761, 780.0], [0.073736, 400.0], [0.073734, 400.0], [0.073732, 400.0], [0.073724, 380.0], [0.073714, 380.0], [0.07371, 1960.0], [0.073709, 174078.82], [0.0737, 3392.04], [0.073681, 1650.0], [0.073677, 1580.0], [0.073646, 175.61], [0.073626, 380.0], [0.073607, 1270.0], [0.073601, 1270.0], [0.0736, 113622.39], [0.073581, 56000.81], [0.073577, 1270.0], [0.073497, 1270.0], [0.073496, 790.0], [0.073458, 233.56], [0.073437, 414.61], [0.073416, 790.0], [0.073381, 178322.06], [0.07338, 272.56], [0.073288, 40233.76], [0.073286, 3485.74], [0.073279, 283.92], [0.073167, 82564.3], [0.073166, 187.69], [0.073154, 28110.32], [0.073059, 17601.28], [0.073, 232.53], [0.072963, 474.45], [0.072896, 137.19], [0.07285, 598.49], [0.07277, 6870.96], [0.072748, 233.56], [0.072668, 1127.88], [0.072648, 20647.5], [0.072624, 13769.55], [0.072593, 324.71], [0.072576, 137.79], [0.072552, 175.61], [0.072537, 3521.74], [0.072531, 257.31], [0.07253, 6893.69], [0.07252, 28110.32], [0.0725, 1765.51], [0.072444, 162.09], [0.072401, 211.81], [0.072283, 2248.14], [0.072264, 1383.81], [0.072223, 414.61], [0.072222, 474.45], [0.072141, 28876.91], [0.07208, 138.74], [0.072055, 162.09], [0.072051, 550.49], [0.072037, 233.56], [0.072, 11333.37], [0.071984, 138.92], [0.071966, 28110.32], [0.071927, 139.03], [0.071824, 139.23], [0.071795, 3558.13], [0.071787, 1840.23], [0.071666, 162.09], [0.071609, 2885.46], [0.0715, 1400.0], [0.071482, 474.45], [0.071457, 175.61], [0.071424, 140.01], [0.071413, 28110.32], [0.071327, 233.56], [0.071319, 3747.46], [0.071277, 162.09], [0.071265, 257.31], [0.071179, 140.5], [0.071137, 1127.88], [0.071061, 3594.89], [0.07101, 414.61], [0.071, 28655.18], [0.070993, 47537.06], [0.070888, 162.09], [0.070859, 28110.32], [0.070833, 187.69], [0.070752, 141.34], [0.070741, 474.45], [0.070685, 707.82], [0.070671, 324.71], [0.070621, 3066.58], [0.070617, 233.56], [0.070506, 1699.5], [0.0705, 1630.91], [0.070499, 162.09], [0.070403, 7101.97], [0.070362, 175.61], [0.070334, 3632.04], [0.070278, 142.3], [0.070272, 142.31], [0.070175, 4823.88]], 'asks': [[0.074153, 2290.0], [0.074155, 700.0], [0.074156, 2120.0], [0.074159, 700.0], [0.07416, 226.98], [0.074162, 937.2], [0.074169, 6744.39], [0.07417, 310.0], [0.074172, 700.0], [0.074175, 360.0], [0.074176, 18450.18], [0.074177, 310.0], [0.074184, 1270.0], [0.074189, 870.0], [0.074191, 269710.07], [0.0742, 31489.14], [0.074202, 10790.7], [0.074206, 270.06], [0.074208, 25830.25], [0.074221, 56000.81], [0.074236, 114447.36], [0.074237, 3000.0], [0.07424, 28045.73], [0.074251, 269.9], [0.074256, 400.0], [0.074257, 3000.0], [0.074269, 1190.0], [0.07427, 114177.4], [0.074286, 790.0], [0.074287, 114177.4], [0.074295, 269.74], [0.07431, 269.68], [0.074339, 500.0], [0.07434, 269.58], [0.074353, 125000.0], [0.074354, 269.52], [0.074379, 33720.8], [0.074384, 269.42], [0.074388, 161.76], [0.074392, 278222.86], [0.0744, 269.36], [0.074421, 127262.89], [0.074443, 473.5], [0.074444, 269.2], [0.07448, 40496.76], [0.074489, 269.04], [0.074504, 268.98], [0.074534, 268.88], [0.074549, 268.82], [0.074578, 268.72], [0.074593, 134.33], [0.074599, 740.0], [0.074615, 634.13], [0.074623, 268.56], [0.074637, 740.0], [0.074638, 81198.9], [0.074666, 159.53], [0.074683, 268.34], [0.074698, 268.28], [0.074727, 268.18], [0.074772, 268.02], [0.074777, 161.76], [0.074817, 267.86], [0.074832, 267.8], [0.074862, 535.4], [0.074877, 535.28], [0.074879, 233.09], [0.074908, 535.08], [0.074923, 534.96], [0.074952, 534.76], [0.074967, 534.64], [0.074973, 134.98], [0.074997, 267.22], [0.074999, 770.0], [0.075, 10232.06], [0.075012, 267.16], [0.075042, 267.06], [0.075057, 267.0], [0.075063, 256.79], [0.075079, 3448.21], [0.075102, 266.84], [0.075147, 266.68], [0.075166, 161.76], [0.075184, 473.5], [0.075192, 266.52], [0.075237, 266.36], [0.075267, 266.26], [0.075282, 266.2], [0.075294, 134.41], [0.075312, 266.1], [0.075327, 266.04], [0.075333, 159.53], [0.075358, 265.94], [0.075373, 265.88], [0.075404, 265.78], [0.075419, 265.72], [0.075449, 167.34], [0.075464, 265.56], [0.075494, 265.46], [0.0755, 1337717.83], [0.075509, 265.4], [0.075517, 195.0], [0.075523, 140.93], [0.075539, 265.3], [0.075555, 161.76], [0.075585, 265.14], [0.075589, 233.09], [0.0756, 265.08], [0.075681, 133.72], [0.075684, 132.13], [0.075691, 2243.64], [0.075696, 133.7], [0.075828, 1125.61], [0.075836, 175.25], [0.075855, 3412.42], [0.075865, 413.78], [0.0759, 354.0], [0.075924, 473.5], [0.075944, 161.76], [0.075971, 3371.47], [0.076, 159.53], [0.076032, 131.53], [0.076112, 131.39], [0.07613, 189.38], [0.076153, 549.38], [0.076299, 233.09], [0.076329, 256.79], [0.076333, 161.76], [0.076435, 324.06], [0.076585, 130.58], [0.076639, 3378.04], [0.076665, 473.5], [0.076666, 346.84], [0.076722, 161.76], [0.076758, 137.47], [0.07676, 9750.0], [0.076865, 130.36], [0.076912, 260.56], [0.07693, 175.25], [0.076934, 151.09], [0.077, 2709.12], [0.07701, 233.09], [0.077042, 1001.37], [0.077079, 413.78], [0.077096, 129.97], [0.077111, 161.76], [0.077127, 129.92], [0.077135, 1696.1], [0.077171, 159.71], [0.077184, 259.14]], 'version': 119848248165, 'ts': 1684404677606}}


18.05.2023 14:11 18.05.2023 14:11
ltcusdt {'ch': 'market.ltcusdt.depth.step0', 'status': 'ok', 'ts': 1684404683931, 'tick': {'bids': [[93.11, 6.64], [93.1, 15.671], [93.09, 30.6521], [93.08, 4.0], [93.07, 44.8844], [93.05, 49.7233], [93.04, 127.0221], [93.03, 325.2666], [93.02, 68.0906], [93.0, 7.4], [92.99, 311.5052], [92.98, 93.8612], [92.97, 2.79], [92.96, 9.0235], [92.95, 2.79], [92.91, 2.79], [92.89, 180.3075], [92.88, 9.1231], [92.87, 70.0], [92.85, 40.267], [92.84, 1.2225], [92.83, 0.2256], [92.81, 2.79], [92.8, 878.7246], [92.79, 0.2155], [92.78, 2.79], [92.77, 1.9383], [92.74, 2.79], [92.73, 102.7452], [92.72, 0.2469], [92.71, 11.131], [92.7, 10.7411], [92.65, 3.22], [92.62, 2.4367], [92.61, 2.37], [92.59, 15.5331], [92.58, 2.79], [92.54, 2.7315], [92.53, 96.634], [92.51, 5.33], [92.5, 31.4984], [92.49, 1.62], [92.46, 0.1493], [92.43, 0.34], [92.41, 5.08], [92.4, 16.1394], [92.39, 6.54], [92.38, 34.5265], [92.35, 0.141], [92.32, 0.1628], [92.31, 0.1357], [92.28, 0.2167], [92.25, 2.54], [92.24, 0.5923], [92.23, 0.2195], [92.22, 0.1296], [92.18, 5.08], [92.17, 1.8], [92.16, 3.251], [92.15, 0.1915], [92.13, 2.33], [92.01, 6.14], [92.0, 6.4267], [91.99, 1.8], [91.98, 7.2733], [91.97, 2.54], [91.94, 0.1197], [91.89, 0.1493], [91.87, 0.2595], [91.86, 1.8], [91.85, 1.8], [91.84, 17.7289], [91.81, 1.9396], [91.8, 14.5714], [91.77, 0.4332], [91.76, 1.9915], [91.75, 15.1742], [91.73, 0.1093], [91.72, 0.5923], [91.67, 0.2182], [91.66, 1.9296], [91.65, 47.8023], [91.63, 0.2083], [91.6, 0.4115], [91.59, 0.1646], [91.55, 1.8], [91.52, 0.1903], [91.51, 18.2752], [91.47, 0.1489], [91.43, 0.2353], [91.4, 5.454], [91.37, 0.3543], [91.33, 0.2995], [91.27, 0.2218], [91.2, 0.5923], [91.15, 1.8], [91.14, 0.2595], [91.12, 39.6196], [91.11, 0.1296], [91.05, 0.5491], [91.04, 3.291], [91.0, 23.0839], [90.98, 0.1915], [90.89, 0.1748], [90.85, 0.5503], [90.83, 0.1212], [90.81, 0.111], [90.8, 4.7202], [90.77, 0.1585], [90.76, 1308.1567], [90.75, 0.141], [90.72, 5.6518], [90.7, 0.1828], [90.68, 0.5923], [90.6, 0.1418], [90.59, 0.1311], [90.58, 0.1915], [90.55, 0.3199], [90.53, 0.2249], [90.5, 0.6881], [90.42, 0.1489], [90.41, 0.4223], [90.39, 0.29], [90.38, 17.7289], [90.35, 0.5534], [90.32, 0.2241], [90.23, 5.5248], [90.2, 0.1493], [90.19, 0.3699], [90.16, 0.5923], [90.12, 0.34], [90.11, 39.0525], [90.01, 0.63], [90.0, 66.9434], [89.94, 0.5003], [89.93, 3.3316], [89.9, 0.112], [89.82, 0.4964], [89.8, 0.1915], [89.75, 0.2032], [89.74, 0.1608], [89.7, 0.223], [89.68, 17.9884], [89.64, 1.2993], [89.58, 0.1903], [89.54, 0.1396], [89.46, 0.1628], [89.41, 2.4284], [89.36, 0.1489], [89.2, 0.1418]], 'asks': [[93.15, 0.7955], [93.16, 3.797], [93.17, 5.3704], [93.19, 2.79], [93.2, 368.8921], [93.21, 89.4628], [93.22, 4.43], [93.23, 7.26], [93.24, 7.7998], [93.25, 7.4], [93.26, 0.4298], [93.27, 10.0], [93.28, 1.0207], [93.29, 149.0652], [93.3, 0.4296], [93.31, 93.8814], [93.32, 0.4296], [93.33, 0.3204], [93.34, 0.9694], [93.35, 0.2147], [93.36, 0.2589], [93.37, 0.2146], [93.39, 0.2146], [93.4, 142.4751], [93.41, 0.429], [93.42, 0.1718], [93.43, 177.9465], [93.44, 107.3652], [93.45, 0.429], [93.47, 0.6187], [93.48, 0.4288], [93.5, 3.2186], [93.51, 40.256], [93.52, 0.4286], [93.54, 0.4284], [93.56, 235.1426], [93.57, 2.9386], [93.58, 433.1458], [93.6, 0.4282], [93.62, 0.4282], [93.63, 0.428], [93.65, 2.8186], [93.67, 0.4278], [93.69, 0.4278], [93.71, 0.4278], [93.72, 0.1911], [93.73, 0.4276], [93.75, 0.4276], [93.76, 0.4274], [93.78, 0.4274], [93.8, 1.0183], [93.82, 0.646], [93.84, 0.2136], [93.86, 0.9388], [93.87, 218.0], [93.88, 0.5563], [93.9, 0.4268], [93.91, 34.7399], [93.93, 0.2133], [93.95, 0.2133], [93.97, 0.4266], [93.99, 0.363], [94.0, 0.4904], [94.01, 0.2132], [94.03, 0.4262], [94.05, 0.4262], [94.06, 0.426], [94.08, 0.213], [94.1, 0.426], [94.11, 326.9023], [94.12, 0.6847], [94.14, 0.4258], [94.15, 0.149], [94.16, 0.2128], [94.18, 299.8147], [94.2, 0.2128], [94.21, 1.8], [94.22, 0.8508], [94.23, 1.6726], [94.24, 23.6592], [94.25, 0.6378], [94.27, 0.8504], [94.28, 7.944], [94.29, 0.85], [94.31, 0.85], [94.32, 1.4495], [94.33, 0.85], [94.35, 0.8496], [94.37, 0.6372], [94.38, 0.4246], [94.4, 5.3476], [94.42, 0.4244], [94.44, 0.7436], [94.46, 0.4244], [94.48, 0.4242], [94.5, 0.6153], [94.52, 0.424], [94.54, 0.424], [94.55, 0.4238], [94.57, 0.2119], [94.59, 0.4238], [94.61, 0.4236], [94.62, 1.8], [94.63, 0.5722], [94.65, 0.4234], [94.67, 3.9034], [94.68, 11.3486], [94.69, 0.2116], [94.71, 0.5722], [94.72, 0.4232], [94.74, 0.423], [94.76, 0.423], [94.78, 0.4228], [94.79, 0.3515], [94.8, 3.4443], [94.81, 3.2099], [94.82, 0.4228], [94.84, 1.0137], [94.86, 0.4226], [94.88, 0.6813], [94.89, 0.4224], [94.9, 0.1911], [94.91, 0.4222], [94.93, 0.4222], [94.95, 0.4222], [94.97, 1.2746], [94.99, 2.8525], [95.0, 58.3381], [95.01, 0.4218], [95.02, 0.1141], [95.03, 0.4218], [95.05, 0.4216], [95.06, 0.4216], [95.08, 0.4216], [95.09, 0.8515], [95.1, 0.4214], [95.11, 0.8306], [95.12, 0.4214], [95.14, 0.4212], [95.16, 0.4212], [95.17, 0.3598], [95.18, 0.7061], [95.19, 0.2038], [95.2, 1.2727], [95.25, 0.15], [95.28, 0.149], [95.29, 0.1911], [95.31, 0.28], [95.32, 0.8495], [95.33, 0.1498]], 'version': 114009587632, 'ts': 1684404683700}}


18.05.2023 14:11 18.05.2023 14:11
ccdusdt {'ts': 1684404688638, 'status': 'error', 'err-code': 'invalid-parameter', 'err-msg': 'invalid symbol'}


18.05.2023 14:11 18.05.2023 14:11
topusdt {'ch': 'market.topusdt.depth.step0', 'status': 'ok', 'ts': 1684404697395, 'tick': {'bids': [[0.000288, 55643.6743], [0.000287, 57531.8141], [0.000286, 874125.8741], [0.000285, 999000.0], [0.000283, 137000.0], [0.000282, 104000.0], [0.000281, 3416475.4447], [0.00028, 642857.1428], [0.000274, 676771.0532], [0.000273, 761690.998], [0.00027, 741564.7015], [0.00026, 284131.0442], [0.000257, 1926070.0389], [0.00025, 995528.942], [0.000249, 44176.0], [0.000248, 2010092.7177], [0.000246, 103000.0], [0.000223, 134529.1479], [0.000218, 229900.0], [0.000209, 143540.6698], [0.000208, 144230.7692], [0.000206, 242718.4466], [0.000205, 620102.7906], [0.000201, 149253.7313], [0.000196, 121186.4085], [0.000188, 1000000.0], [0.000165, 36363.6363], [0.000151, 3310629.5322], [0.00014, 40000.0], [0.0001, 60000.0], [1.4e-05, 394821.6857], [1e-05, 102000.0]], 'asks': [[0.000294, 132975.3621], [0.000297, 271415.2253], [0.000298, 593657.6692], [0.000299, 1775367.3194], [0.0003, 2394958.7574], [0.000304, 241000.0], [0.000305, 248554.371], [0.000308, 1486208.4745], [0.00031, 241000.0], [0.000314, 1175612.0], [0.000315, 223045.0], [0.000316, 348159.0], [0.00032, 197000.0], [0.000322, 116000.0], [0.000327, 116000.0], [0.000332, 132141.1763], [0.000335, 84587.159], [0.000345, 39158.1155], [0.000359, 33000.0], [0.00036, 1523323.1634], [0.000365, 39158.1155], [0.00037, 1861839.4218], [0.000371, 41165.0486], [0.000373, 296777.716], [0.000381, 145622.4777], [0.000385, 39158.1155], [0.000386, 275696.5518], [0.000387, 172033.1534], [0.000396, 123982.111], [0.0004, 8554285.7143], [0.00041, 852000.0], [0.000423, 44618.4416], [0.000425, 103727.33859129412], [0.00043, 446538.1676], [0.000436, 1542666.7419], [0.000444, 34795.3385], [0.00045, 4971214.805], [0.000453, 75401.7796], [0.00046, 84142.3948], [0.000463, 79399.9169], [0.000466, 638312.6272], [0.000476, 561611.0641], [0.000489, 87325.0], [0.000493, 103294.3613], [0.000494, 53115.0415], [0.000495, 85933.5485], [0.000496, 78757.3031], [0.0005, 488024.44], [0.000503, 79399.917], [0.000518, 43607.5322], [0.000538, 117206.2686], [0.000555, 150000.0], [0.000557, 297850.151], [0.000582, 138667.2919], [0.000589, 269844.5525], [0.00059, 1124573.3898], [0.000591, 139697.0526], [0.000593, 202383.4144], [0.0006, 293440.8641], [0.00062, 138289.6313], [0.00063, 36504.8543], [0.000638, 5000000.0], [0.000661, 79196.9417], [0.000666, 150000.0], [0.000679, 231529.8129], [0.000689, 404766.8288], [0.00069, 235506.5032], [0.000696, 94038.433], [0.0007, 7161144.627], [0.000702, 69601.6427], [0.00071, 4906274.5167], [0.000713, 202383.4144], [0.00072, 1216699.2498], [0.000721, 1697284.9102], [0.000723, 344672.2709], [0.000732, 21667160.2995], [0.000733, 3387.3516], [0.000734, 38553.6271], [0.000735, 1445505.5752], [0.000741, 456819.4101], [0.000742, 264970.352], [0.000743, 329006.2924], [0.000744, 277857.5556], [0.000745, 326312.2953], [0.000746, 319157.7484], [0.000747, 105894.6919], [0.00075, 16859.4165], [0.000752, 13416.0891], [0.000755, 3387.3516], [0.000759, 68676.3204], [0.00076, 13947.3684], [0.000761, 16650.8139], [0.000766, 3387.3516], [0.000768, 358740.5269], [0.000777, 103387.3523], [0.00078, 136423.3577], [0.000788, 3387.3516], [0.000793, 97186.1534], [0.000799, 67111.8516], [0.0008, 1592945.3836], [0.000804, 1411.0371], [0.000811, 3387.3516], [0.000822, 3387.3516], [0.000823, 94017.6107], [0.000833, 3387.3516], [0.000844, 3387.3516], [0.000849, 14352.7305], [0.00085, 13750.0], [0.000855, 3387.3516], [0.000859, 1708004.1273], [0.000862, 25616.6748], [0.000866, 3387.3516], [0.000877, 3387.3516], [0.000879, 417684.0755], [0.000888, 183825.6376], [0.00089, 400000.0], [0.000899, 10322.1643], [0.0009, 37516.7571], [0.000904, 114469.8102], [0.000907, 55941.7045], [0.000911, 3387.3516], [0.00092, 15466.8818], [0.000922, 3387.3516], [0.000927, 69406.365], [0.000933, 3387.3516], [0.000944, 3387.3516], [0.000955, 3387.3516], [0.000961, 74850.0], [0.000965, 107272.9737], [0.000966, 3387.3516], [0.000977, 543996.4408], [0.000985, 200000.0], [0.000988, 3387.3516], [0.000996, 103846.0539], [0.000999, 183279.7056], [0.001, 977671.5321], [0.001011, 3387.3516], [0.00102, 10093.9402], [0.001022, 3387.3516], [0.001029, 100528.6098], [0.001033, 3387.3516], [0.001044, 3387.3516], [0.001055, 3387.3516], [0.001064, 82000.53638270676], [0.001066, 3387.3516], [0.001077, 3387.3516], [0.001088, 3387.3516], [0.001099, 3387.3516], [0.001104, 33443.1124], [0.001111, 3387.3516]], 'version': 100670018532, 'ts': 1684404689301}}


18.05.2023 14:12 18.05.2023 14:12
metalusdt {'ts': 1684404720991, 'status': 'error', 'err-code': 'invalid-parameter', 'err-msg': 'invalid symbol'}


18.05.2023 14:12 18.05.2023 14:12
cotiusdt {'ch': 'market.cotiusdt.depth.step0', 'status': 'ok', 'ts': 1684404747357, 'tick': {'bids': [[0.0701, 2473.42], [0.07, 365.65], [0.0699, 365.65], [0.0698, 1074.98], [0.0697, 4302.57], [0.0694, 4570.59], [0.0692, 295.01], [0.0691, 2780.01], [0.069, 1000.0], [0.0687, 19301.81], [0.0686, 1431.26], [0.0685, 1122.92], [0.0679, 2019.0], [0.0666, 450.0], [0.0645, 7919.8], [0.0638, 564.0], [0.063, 966.31], [0.0613, 500.0], [0.061, 5544.86], [0.058, 189.65], [0.052, 350.0], [0.0508, 197.08], [0.045, 15501.25], [0.031, 161.3], [0.025, 52684.95], [0.02, 231282.35], [0.0102, 981.0], [0.005, 1000.0], [0.0001, 100000.0]], 'asks': [[0.0703, 701.09], [0.0704, 5057.71], [0.0705, 365.65], [0.0706, 14054.81], [0.0708, 7062.42], [0.071, 2806.22], [0.0713, 14110.34], [0.0714, 14080.54], [0.0715, 14323.84], [0.0716, 635.26], [0.0717, 999.84], [0.0719, 2442.19], [0.072, 21270.81], [0.0722, 3565.89], [0.0728, 4988.25], [0.0732, 1000.0], [0.0743, 2019.0], [0.0786, 119.88169211195928], [0.0794, 5789.27], [0.0816, 617.81], [0.089, 3207.89], [0.09, 862.0], [0.092, 257.27], [0.097, 510.22], [0.098, 104.0], [0.0994, 208.87], [0.107, 288.74], [0.1079, 199.6], [0.108, 378.54], [0.11, 1355.93], [0.1101, 1298.62], [0.113, 120.0], [0.1139, 114.11], [0.115, 772.45], [0.1169, 261.59], [0.117, 103.91], [0.119, 288.0], [0.12, 803.8], [0.122, 1220.22], [0.1227, 248.22], [0.1235, 300.0], [0.1245, 960.0], [0.125, 1290.47], [0.128, 10.0], [0.1295, 1251.07], [0.13, 9905.36], [0.131, 220.64], [0.133, 85.71], [0.1349, 12.32], [0.135, 140.0], [0.138, 9.0], [0.1395, 150.0], [0.142, 150.0], [0.145, 87.03], [0.146, 613.41], [0.148, 998.27], [0.1491, 67.07], [0.15, 702.28], [0.16, 6.39], [0.165, 6.14], [0.168, 10.0], [0.17, 632.22], [0.172, 232.3], [0.1766, 11.25], [0.178, 6266.75], [0.1795, 200.0], [0.18, 275.0], [0.182, 55.0], [0.183, 250.19], [0.1849, 64.92], [0.1868, 57.64], [0.187, 450.0], [0.1877, 3416.8], [0.188, 10.0], [0.1893, 826.67], [0.1902, 71.77], [0.1945, 249.5], [0.1964, 458.68], [0.198, 31.29], [0.1989, 98.5], [0.2, 362.1], [0.202, 123.68], [0.2121, 124.75], [0.2124, 80.29], [0.218, 10.0], [0.22, 1224.43], [0.2222, 124.75], [0.2237, 7087.82], [0.2248, 219.56], [0.228, 10.0], [0.23, 169.4], [0.232, 34.93], [0.2339, 47.04], [0.238, 6.0], [0.24, 104.79], [0.2417, 850.37], [0.248, 10.0], [0.25, 176.56], [0.2513, 159.0], [0.258, 41.0], [0.259, 29.94], [0.26, 636.28], [0.268, 10.0], [0.27, 19.1], [0.277, 71.41], [0.279, 125.99], [0.28, 21.97], [0.288, 10.0], [0.289, 3531.38], [0.2893, 710.52], [0.29, 99.73], [0.293, 37.55], [0.298, 10.0], [0.2992, 74.63], [0.2999, 11.01], [0.3, 6498.1], [0.3056, 29.94], [0.31, 108.43], [0.3117, 2501.05], [0.3126, 657.86], [0.3139, 127.48], [0.3145, 51.28], [0.318, 9.0], [0.32, 379.32], [0.3207, 641.19], [0.326, 199.99], [0.328, 9.0], [0.329, 1626.25], [0.33, 157.81], [0.3333, 299.4], [0.3334, 304.39], [0.335, 33.93], [0.338, 6.0], [0.3386, 59.76], [0.34, 271.55], [0.3447, 295.4], [0.3469, 80.29], [0.3478, 26.56], [0.348, 8.0], [0.3498, 2.86], [0.35, 3319.96], [0.354, 140.93], [0.3549, 1659.0], [0.3572, 270.24], [0.358, 14.0], [0.36, 202.79], [0.3624, 25.0], [0.3646, 563.96], [0.3669, 29.99], [0.3675, 14.0]], 'version': 1038131711, 'ts': 1684404744037}}


18.05.2023 14:12 18.05.2023 14:12
ribbitusdt {'ts': 1684404756165, 'status': 'error', 'err-code': 'invalid-parameter', 'err-msg': 'invalid symbol'}


18.05.2023 14:12 18.05.2023 14:12
trvlusdt {'ts': 1684404775897, 'status': 'error', 'err-code': 'invalid-parameter', 'err-msg': 'invalid symbol'}


18.05.2023 14:13 18.05.2023 14:13
emonusdt {'ts': 1684404796096, 'status': 'error', 'err-code': 'invalid-parameter', 'err-msg': 'invalid symbol'}


18.05.2023 14:13 18.05.2023 14:13
kokusdt {'ch': 'market.kokusdt.depth.step0', 'status': 'ok', 'ts': 1684404807850, 'tick': {'bids': [[0.033, 756.0484], [0.0329, 9098.3947], [0.0328, 4671.7177], [0.0323, 343.3476], [0.0322, 4672.1654], [0.0321, 654.2056], [0.0313, 1547.7519], [0.0312, 3009.1136], [0.0311, 38680.0642], [0.031, 482.4222], [0.0309, 483.9834], [0.03, 2563.9387], [0.0297, 2496.0534], [0.029, 791.5204], [0.0104, 1408.9345], [0.01, 3654.5957], [0.0001, 20000.0]], 'asks': [[0.0344, 10740.1695], [0.0345, 5218.574], [0.0346, 6626.506], [0.0366, 982.4827], [0.0367, 409.5455], [0.0398, 323.5294], [0.0399, 10000.0], [0.0443, 970.1269], [0.0445, 970.2268], [0.0446, 970.1268], [0.0449, 5000.0], [0.0451, 1374.7509], [0.0463, 9701.54], [0.0499, 5000.0], [0.0549, 5000.0], [0.0599, 5000.0], [0.0649, 5000.0], [0.065, 259.7648], [0.0695, 8752.2572], [0.0699, 5000.0], [0.0814, 149.1611], [0.0829, 1018.5841], [0.083, 2837.9291], [0.088, 1293.4136], [0.09, 140.4716], [0.093, 1347.6828], [0.095, 147.1109], [0.098, 1889.6077], [0.1, 2102.6306], [0.1067, 308.7834], [0.1088, 1940.8207], [0.11, 147.4742], [0.1135, 32780.7663], [0.1161, 1496.2406], [0.1168, 864.4535], [0.119, 85.0], [0.13, 58408.5752], [0.1383, 112.641], [0.14, 2728.5359], [0.1481, 74.2857], [0.15, 394.9254601955307], [0.16, 63.125], [0.1699, 102.4386], [0.18, 96.028], [0.1972, 52.5975], [0.2, 126.72], [0.2189, 4.65], [0.22, 1245.7962], [0.25, 151.3749], [0.254, 39.5111], [0.2554, 5.8862], [0.2608, 5.8862], [0.2663, 5.8862], [0.2717, 5.8862], [0.2771, 5.8862], [0.2826, 5.8862], [0.288, 5.8862], [0.2934, 5.8862], [0.2989, 5.8862], [0.3, 136.6956], [0.3043, 5.8862], [0.3097, 5.8862], [0.3152, 5.8862], [0.3206, 5.8862], [0.326, 5.8862], [0.33, 4992.0], [0.3315, 5.8862], [0.3369, 5.8862], [0.34, 141.8641], [0.3423, 5.8862], [0.3478, 5.8862], [0.35, 3000.0], [0.3532, 5.8862], [0.3586, 5.8862], [0.3641, 5.8862], [0.3695, 5.8862], [0.375, 5.8862], [0.3773, 4.5791], [0.38, 8.12], [0.3804, 5.8862], [0.3858, 5.8862], [0.3886, 4.5791], [0.3913, 5.8862], [0.3947, 119.8663], [0.3967, 5.8862], [0.3973, 9.2961], [0.3999, 4.5791], [0.4, 11705.2591], [0.4021, 5.8862], [0.4076, 5.8862], [0.413, 5.8862], [0.4184, 5.8862], [0.4239, 5.8862], [0.4293, 5.8862], [0.4347, 5.8862], [0.4402, 5.8862], [0.4436, 9.2961], [0.4456, 5.8862], [0.448, 8.93], [0.45, 809.7278], [0.451, 5.8862], [0.4521, 136.9374], [0.4565, 5.8862], [0.4619, 5.8862], [0.4673, 5.8862], [0.47, 4.65], [0.471, 30.0], [0.4728, 5.8862], [0.4782, 5.8862], [0.479, 4.95], [0.4797, 8500.0], [0.48, 4.9446], [0.481, 2.328], [0.482, 49.5567], [0.4836, 5.8862], [0.485, 20.88], [0.4854, 167.7174], [0.4891, 5.8862], [0.4899, 9.2961], [0.49, 70.2164], [0.4911, 3011.1412], [0.4945, 5.8862], [0.495, 2.03], [0.4999, 28.08], [0.5, 673.4825], [0.51, 2008.5058], [0.5194, 5.4725], [0.52, 111.371], [0.521, 50.0], [0.528, 3.8], [0.5377, 16.43], [0.548, 7.3], [0.56, 383.6], [0.571, 75.0], [0.5716, 12.9159], [0.58, 8.7], [0.6, 5422.4763], [0.621, 100.0], [0.628, 3.2], [0.648, 6.2], [0.671, 125.0], [0.68, 8.83], [0.7, 8.15], [0.721, 150.0], [0.728, 2.8], [0.748, 5.37], [0.7489, 27.03], [0.75, 4.9268], [0.771, 175.0], [0.78, 9.0]], 'version': 126073879, 'ts': 1684404807414}}


18.05.2023 14:13 18.05.2023 14:13
reefusdt {'ch': 'market.reefusdt.depth.step0', 'status': 'ok', 'ts': 1684404833725, 'tick': {'bids': [[0.002285, 8193.2], [0.002281, 224412.2944], [0.002277, 447210.1967], [0.002275, 14419.1], [0.002274, 437636.7615], [0.002272, 16528.3947], [0.002268, 657606.313], [0.002264, 25663.2261], [0.002261, 657894.7368], [0.00224, 347402.3896], [0.002239, 271248.8138], [0.00205, 30670.3665], [0.002034, 5408.0], [0.002, 44960.0798], [0.001943, 5661.0], [0.0019, 20778.9881], [0.00181, 151612.8687], [0.0018, 84000.0], [0.0016, 94000.0], [0.0015, 10000.0], [0.0014, 108000.0], [0.0012, 125000.0], [0.0011, 182593.0106], [0.001, 165000.0], [0.0009, 167000.0], [0.0006, 169146.1681], [0.0005, 200560.5892], [0.0004, 250099.5225], [0.0003, 338346.311], [0.000204, 45095.6833], [0.0002, 502397.1703], [0.000107, 100000.0], [0.0001, 1002936.0507], [3.1e-05, 1402463.1528], [2.4e-05, 248305.967], [1.1e-05, 2664679.9904], [5e-06, 9676995.7547], [4e-06, 298647.5263], [1e-06, 5005005.0]], 'asks': [[0.00232, 21857.933], [0.002321, 24994.086], [0.00233, 24474.1227], [0.002331, 14419.1], [0.002413, 216164.578], [0.002414, 235375.1706], [0.002438, 24585.0], [0.002439, 37341.6798], [0.00244, 41258.0], [0.002448, 45874.0], [0.002453, 23380.2017], [0.002549, 15724.5177], [0.00278, 35952.1825], [0.0028, 11250.0], [0.00289, 5788.9069], [0.00298, 21114.7739], [0.003, 44792.6936], [0.00324, 100000.0], [0.003306, 5457.5064], [0.00335, 3012.5088], [0.0034, 7500.0], [0.00347, 2916.2149], [0.0035, 6888.0], [0.00352, 7104.0], [0.003542, 10915.6726], [0.003599, 7892.1102], [0.0036, 157116.4532], [0.00361, 5988.0], [0.00362, 10000.0], [0.003636, 10000.0], [0.003639, 10000.0], [0.0037, 1727343.251], [0.003749, 5589.3668], [0.00381, 15330.8628], [0.003839, 39140.0185], [0.00385, 3093.8556], [0.003865, 5354.8222], [0.003878, 5988.0], [0.003907, 3234.3747], [0.003953, 7598.3124], [0.003975, 16806.4034], [0.004, 39280.6104], [0.00414, 4031.4305], [0.004229, 2368.0394], [0.004244, 11781.3384], [0.004324, 6259.3357], [0.004378, 13500.0], [0.00438, 41746.6658], [0.0044, 45236.0406], [0.0045, 82195.5985], [0.0046, 124033.0466], [0.004695, 219706.3182], [0.0047, 5200.0382], [0.004721, 7598.3124], [0.00475, 2994.0], [0.004864, 268485.3438], [0.00488, 13264.6493], [0.004905, 25152.1508], [0.004983, 1152.3721], [0.005, 801983.2452], [0.005104, 2000.0], [0.005166, 1152.3721], [0.005206, 7598.3124], [0.0053, 152088.2864], [0.005349, 1152.3721], [0.0054, 286388.1197], [0.005401, 12993.7899], [0.005485, 15330.8628], [0.005487, 31775.7264], [0.0055, 155222.2629], [0.005533, 1152.3721], [0.005544, 74882.5], [0.005555, 2222.2222], [0.0056, 19960.0], [0.0057, 1769.6948], [0.005716, 1152.3721], [0.00577, 80596.5712], [0.0058, 30948.5431], [0.005844, 1744.0], [0.005868, 7598.3125], [0.005899, 1152.3721], [0.0059, 23750.0], [0.005913, 179025.5959], [0.006, 46495.0426], [0.006083, 1152.3721], [0.006101, 4000.0], [0.006138, 29687.6036], [0.00616, 6288.0377], [0.006195, 283.0], [0.0062, 7802.1661], [0.006212, 5822.9687], [0.006266, 1152.3721], [0.006269, 4500.0], [0.0063, 4736.6017], [0.006391, 4500.0], [0.0064, 133952.1028], [0.006449, 1152.3721], [0.006489, 4500.0], [0.006633, 1152.3721], [0.006666, 2222.22], [0.006667, 3000.0], [0.0067, 13494.6441], [0.006746, 4500.0], [0.00675, 30000.0], [0.0068, 39737.6626], [0.00681, 62928.109], [0.006816, 1152.3721], [0.0069, 28448.1888], [0.006902, 49710.4027], [0.006999, 1152.3721], [0.007, 110083.84], [0.007011, 3500.0], [0.0071, 9138.1382], [0.007137, 3500.0], [0.007211, 988.058], [0.00729, 2200.0], [0.007323, 988.058], [0.007357, 159.0], [0.007378, 4492.8], [0.007435, 988.058], [0.0075, 205465.1548], [0.007547, 988.058], [0.007603, 18864.1132], [0.007645, 2500.0], [0.00765, 14661.504], [0.007658, 988.058], [0.007671, 4492.8], [0.00777, 988.058], [0.007777, 2222.2222], [0.0078, 1100.0], [0.007837, 4492.8], [0.007881, 2000.0], [0.007882, 988.058], [0.007895, 1997.2], [0.007899, 1997.2], [0.0079, 63273.6978], [0.007994, 988.058], [0.008, 39939.874], [0.008105, 988.058], [0.008108, 4492.8], [0.008121, 4400.0], [0.008127, 104835.5], [0.0082, 24960.0], [0.008212, 203.0], [0.008217, 988.058], [0.008329, 988.058], [0.008348, 211.4], [0.008402, 619.0], [0.008441, 988.058], [0.008459, 5491.2]], 'version': 1748484345, 'ts': 1684404833179}}


18.05.2023 14:14 18.05.2023 14:14
suterusdt {'ts': 1684404841166, 'status': 'error', 'err-code': 'invalid-parameter', 'err-msg': 'invalid symbol'}


18.05.2023 14:14 18.05.2023 14:14
reeltusdt {'ts': 1684404848846, 'status': 'error', 'err-code': 'invalid-parameter', 'err-msg': 'invalid symbol'}


18.05.2023 14:15 18.05.2023 14:15
cvtxusdt {'ts': 1684404904839, 'status': 'error', 'err-code': 'invalid-parameter', 'err-msg': 'invalid symbol'}


18.05.2023 14:15 18.05.2023 14:15
was,
hapiusdt {'ts': 1684404912963, 'status': 'error', 'err-code': 'invalid-parameter', 'err-msg': 'invalid symbol'}


18.05.2023 14:15 18.05.2023 14:15
moonusdt {'ts': 1684404924223, 'status': 'error', 'err-code': 'invalid-parameter', 'err-msg': 'invalid symbol'}


18.05.2023 14:15 18.05.2023 14:15
cnameusdt {'ts': 1684404931389, 'status': 'error', 'err-code': 'invalid-parameter', 'err-msg': 'invalid symbol'}


18.05.2023 14:15 18.05.2023 14:15
voltusdt {'ch': 'market.voltusdt.depth.step0', 'status': 'ok', 'ts': 1684404943967, 'tick': {'bids': [[9.004e-07, 56092052.29], [9.003e-07, 145078286.77], [8.999e-07, 32250219.03], [8.96e-07, 37338461.91], [8.959e-07, 274083233.0], [8.9e-07, 370214376.02], [8.887e-07, 190765756.87], [8.853e-07, 344120454.67], [8.852e-07, 845006778.12], [8.851e-07, 563216578.93], [8.816e-07, 297163031.0], [8.746e-07, 27807234.03], [8.735e-07, 570696043.51], [8.676e-07, 490154956.48], [8.675e-07, 278529230.0], [8.606e-07, 350896663.0], [8.586e-07, 12811553.0], [8.537e-07, 261536146.0], [8.469e-07, 186837653.0], [8.401e-07, 1370250987.99], [8.4e-07, 47619047.61], [8.334e-07, 202683158.0], [8.267e-07, 312628544.0], [8.201e-07, 209878717.0], [8.18e-07, 13447432.0], [8.165e-07, 30554276.6], [8.158e-07, 55047103.8], [8.135e-07, 227570129.0], [8.07e-07, 192701472.0], [8.005e-07, 304189429.0], [8e-07, 81658588.18], [7.941e-07, 224529292.0], [7.903e-07, 15415212791.4], [7.887e-07, 11684700279.35], [7.877e-07, 210482400.0], [7.863e-07, 13989571.0], [7.82e-07, 23391887539.15], [7.814e-07, 234934403.0], [7.8e-07, 38461538.46], [7.796e-07, 11454014876.67], [7.751e-07, 299183952.0], [7.75e-07, 64516129.03], [7.741e-07, 7707606395.7], [7.689e-07, 215155589.0], [7.685e-07, 3977093883.65], [7.63e-07, 1883090757.74], [7.627e-07, 326077350.0], [7.574e-07, 1883090757.74], [7.566e-07, 354288451.0], [7.519e-07, 1883090757.74], [7.505e-07, 269730531.0], [7.5e-07, 66666666.66], [7.445e-07, 256721350.0], [7.385e-07, 292006957.0], [7.25e-07, 68965517.24], [7.23e-07, 19158588.18], [7.186e-07, 31512272.65], [7e-07, 122142857.13], [6.75e-07, 74074074.07], [6.461e-07, 19158588.18], [5e-07, 20000000.0], [3.3e-07, 31818181.81], [8.81e-08, 190480326.56]], 'asks': [[9.067e-07, 27905646.95], [9.068e-07, 1028384969.0], [9.139e-07, 288505515.83], [9.14e-07, 202350855.71], [9.141e-07, 771016814.0], [9.142e-07, 190709627.0], [9.217e-07, 141378502.0], [9.29e-07, 81451522.3], [9.291e-07, 161907863.0], [9.366e-07, 145388172.0], [9.44e-07, 49498184.03], [9.442e-07, 627143578.0], [9.5e-07, 11642556.97], [9.517e-07, 127586206.0], [9.518e-07, 1570622190.0], [9.538e-07, 19124102.72], [9.673e-07, 260567241.0], [9.754e-07, 694731610.0], [9.79e-07, 419507181.2], [9.811e-07, 3977093883.65], [9.818e-07, 7707606395.7], [9.832e-07, 2812472703.0], [9.869e-07, 34273870.89], [9.899e-07, 1166473353.7], [9.912e-07, 113198945.0], [9.99e-07, 199169023.21], [9.992e-07, 433119122.0], [9.993e-07, 223802183.0], [1e-06, 107004222.99], [1.0073e-06, 225617487.0], [1.0155e-06, 501573274.0], [1.0238e-06, 21488572.0], [1.03e-06, 5497397568.0], [1.0307e-06, 19124102.72], [1.0319e-06, 53299738.0], [1.032e-06, 166463580.0], [1.0404e-06, 166857142.0], [1.0488e-06, 327343416.0], [1.0573e-06, 604425163.0], [1.06e-06, 405334160.27], [1.0655e-06, 39528892.35], [1.0658e-06, 1354310860.0], [1.07e-06, 9425719.9], [1.0745e-06, 1229357455.0], [1.0831e-06, 240147723.0], [1.0883e-06, 12472509.94], [1.1e-06, 239998028.26], [1.1076e-06, 19124102.72], [1.13e-06, 44247787.61], [1.15e-06, 30527154.91], [1.1846e-06, 19124102.72], [1.199e-06, 751663290.37], [1.2e-06, 33942504.71], [1.24e-06, 40776382.31], [1.2615e-06, 19124102.72], [1.27e-06, 1168692174.1], [1.2925e-06, 39817902.81], [1.3e-06, 311496000.0], [1.3352e-06, 12767426.73], [1.3384e-06, 19124102.72], [1.4153e-06, 19124102.72], [1.48e-06, 37126269.14], [1.4923e-06, 19124102.72], [1.499e-06, 10481250.0], [1.5e-06, 684680047.0], [1.5115e-06, 89360846.51], [1.5692e-06, 19124102.72], [1.588e-06, 31547368.41], [1.6e-06, 82953029.9], [1.6461e-06, 19124102.72], [1.65e-06, 18266667.33], [1.6826e-06, 6854866.41], [1.6898e-06, 1006244973.28], [1.7e-06, 257855129.54], [1.7184e-06, 29678770.94], [1.723e-06, 19124102.72], [1.78e-06, 90523516.82], [1.7999e-06, 19124102.72], [1.8002e-06, 15974037.52], [1.8059e-06, 28240766.37], [1.8979e-06, 26871805.67], [1.91e-06, 18400000.0], [1.9933e-06, 11792791.26], [1.9946e-06, 25569036.39], [2e-06, 71053733.11], [2.0711e-06, 10535444.92], [2.0962e-06, 24329739.52], [2.203e-06, 23150249.65], [2.3152e-06, 22028334.48], [2.4332e-06, 20960052.6], [2.44e-06, 19991191.18], [2.4696e-06, 63910400.0], [2.5571e-06, 19944468.34], [2.6249e-06, 6091952.6], [2.6874e-06, 18977450.32], [2.8243e-06, 18057571.78], [2.945e-06, 84964586.52], [2.9682e-06, 17182130.58], [2.9904e-06, 3452689.84], [3e-06, 53127132.71], [3.1195e-06, 16348773.84], [3.185e-06, 11086655.67], [3.268e-06, 60914600.0], [3.2784e-06, 15556368.96], [3.4454e-06, 14802345.15], [3.6e-06, 5833333.33], [3.621e-06, 14084507.04], [3.8054e-06, 13402007.67], [3.9993e-06, 12752231.64], [4.2031e-06, 12133901.16], [4.4172e-06, 11545775.6], [4.6423e-06, 10985933.69], [4.8e-06, 2104166.66], [4.8788e-06, 10453390.17], [4.9e-06, 111800000.0], [5e-06, 230976243.43], [5.5e-06, 643576491.49], [7.5e-06, 643576491.49], [7.9e-06, 55900000.0], [8.401e-06, 7646159468.1], [8.673e-06, 2807438.91], [8.732e-06, 9376928.76], [9.9e-06, 41925000.0], [1e-05, 8678313.26], [1.23e-05, 75569687.59], [1.4e-05, 7508034.52], [1.6399e-05, 1000000.0], [9e-05, 27722223.47], [9.1673e-05, 1393341.34], [0.0001, 1872000.0], [0.00013657, 6715669.77], [0.00014895, 6828202.47], [0.0002, 1000000.0], [0.00025, 11931668.17], [0.0006, 25540477.01], [0.0007, 331073503.37], [0.000777, 6285871.2], [0.0008, 4386423.39], [0.00081, 29791746.21], [0.000901673, 55894.11], [0.00099027, 12634937.75], [0.001, 45162588.25], [0.0013573, 35147149.68], [0.0016202, 3107696.13], [0.002, 1000000.0], [0.002091673, 1128281.96], [0.00245, 80000000.0], [0.0045, 139164245.63], [0.00639, 1501987.75], [0.0075, 69534585.5]], 'version': 37727365, 'ts': 1684404943136}}


18.05.2023 14:15 18.05.2023 14:15
lgxusdt {'ts': 1684404953979, 'status': 'error', 'err-code': 'invalid-parameter', 'err-msg': 'invalid symbol'}


18.05.2023 14:16 18.05.2023 14:16
gptusdt {'ts': 1684404962579, 'status': 'error', 'err-code': 'invalid-parameter', 'err-msg': 'invalid symbol'}


18.05.2023 14:16 18.05.2023 14:16
tsukausdt {'ts': 1684404973429, 'status': 'error', 'err-code': 'invalid-parameter', 'err-msg': 'invalid symbol'}


18.05.2023 14:16 18.05.2023 14:16
unbusdt {'ch': 'market.unbusdt.depth.step0', 'status': 'ok', 'ts': 1684404988478, 'tick': {'bids': [[0.000825, 36319.6122], [0.000824, 176429.7749], [0.000792, 21037.7795], [0.000789, 129260.3477], [0.000788, 44015.622], [0.000785, 38216.0], [0.000767, 19498.1614], [0.000763, 131522.3535], [0.00076, 76819.8184], [0.000752, 47872.0], [0.00074, 36507.8117], [0.00072, 48514.0829], [0.000718, 66852.0], [0.00068, 17860.7459], [0.000505, 9950.0], [0.0005, 14377.8018], [0.000201, 50248.7562], [0.00013, 80000.0], [0.000101, 49555.0], [8.9e-05, 225851.5468], [6.4e-05, 16943.185], [1.4e-05, 76943.185], [1e-06, 9375000.5875]], 'asks': [[0.000862, 12761.0208], [0.000891, 35934.9593], [0.000892, 50030.3182], [0.000984, 46681.3921], [0.00099, 29860.1249], [0.00106, 93094.0], [0.001061, 55261.911], [0.00119, 24000.0], [0.001198, 12775.842], [0.0012, 104017.63], [0.00124, 111347.0619], [0.00128, 108801.9862], [0.0013, 57474.548], [0.00132, 101185.8472], [0.001433, 44011.963], [0.00144, 8000.0], [0.0015, 72223.4686], [0.001577, 563023.6935], [0.00158, 18689.1385], [0.00161, 12500.0], [0.0017, 57474.548], [0.0018, 96295.2571], [0.00184, 106572.1478], [0.00186, 563023.6936], [0.001875, 136527.9004], [0.002, 113348.2861], [0.002198, 461873.0], [0.0022, 112874.3624], [0.002245, 670254.5229], [0.002253, 6300.0], [0.002299, 5000.0], [0.002395, 180268.7869], [0.00247, 689745.1069], [0.002493, 111462.6075], [0.002499, 5000.0], [0.0025, 169466.9622], [0.002584, 199157.8207], [0.0026, 6051.408], [0.002714, 3687.4029], [0.00272, 26034.7529], [0.0028, 16565.0], [0.002862, 181957.8271], [0.0029, 58834.1298], [0.002904, 6300.0], [0.002996, 3340.0], [0.002999, 8420.0], [0.003, 129286.1372], [0.0031, 3500.0], [0.003184, 95628.9469], [0.0032, 105153.0], [0.00322, 62509.0614], [0.00323, 3269.9611], [0.003246, 13588.1664], [0.003333, 95466.4028], [0.0034, 170501.9508], [0.003465, 92537.6856], [0.003499, 3420.0], [0.0035, 223102.5267], [0.0036, 5000.0], [0.003667, 5454.0496], [0.0037, 85465.9041], [0.003707, 8887.8337], [0.003776, 5296.6101], [0.003814, 6300.0], [0.00387, 76997.9168], [0.003876, 76837.9502], [0.003887, 5145.3563], [0.0039, 2735.0398], [0.003999, 2510.0], [0.004, 15157.59], [0.004029, 4964.0109], [0.00406, 70605.8093], [0.0041, 2971.163], [0.0042, 10000.0], [0.004228, 4730.3689], [0.00423, 3513.3756], [0.004317, 623.6684], [0.004426, 4518.7528], [0.004444, 259178.2553], [0.00445, 37480.2075], [0.004499, 2490.0], [0.0045, 194028.0296], [0.00456, 1500000.0], [0.00488, 5323.41], [0.0049, 6309.2676], [0.005, 9867.6778], [0.0055, 4499.009], [0.005607, 27842.9044], [0.0057, 3252.0], [0.005747, 2157.0], [0.0059, 2073.5699], [0.005998, 14993.093], [0.006, 1717.3311], [0.00618, 1093.8761], [0.0065, 6442.5775], [0.006533, 1940.2615], [0.006551, 34226.2673], [0.0067, 12540.282], [0.007, 22829.7985], [0.00712, 8734.7964], [0.00729, 926.056683127572], [0.0073, 4983.2046], [0.007631, 5625.9807], [0.00765, 52439.6889], [0.007777, 25945.7149], [0.00785, 5489.0], [0.008, 6497.0], [0.008072, 1227.3151], [0.008157, 2500.0], [0.0085, 600.6547], [0.008675, 183.1212], [0.008955, 17723.7186], [0.008996, 4001.7785], [0.009, 169297.9834], [0.0092, 600.6547], [0.009213, 2983.469], [0.009222, 16428.2649], [0.009403, 600.6547], [0.0095, 1848.5], [0.009672, 518.1397], [0.0098, 12271.1484], [0.009888, 2704.58], [0.00996, 28218.6345], [0.00998, 1505.0], [0.009999, 2083.3333], [0.01, 266912.0901], [0.0105, 485.5215], [0.010556, 7631.8637], [0.010681, 853.5153], [0.0108, 4595.4698], [0.011, 102358.6587], [0.0111, 1317.5158], [0.011111, 112184.454], [0.01119, 13102.1947], [0.0115, 2816.356], [0.0116, 7520.089], [0.01161, 48013.11], [0.011636, 540.2943], [0.0118, 5489.0], [0.01198, 4166.6666], [0.01199, 4166.6666], [0.012, 7371.5316], [0.0122, 3600.0], [0.0127, 10460.6035], [0.012954, 540.2943], [0.013, 10000.0], [0.01306, 1940.2615], [0.013111, 4166.6666], [0.01315, 4166.6666], [0.014, 600.6547]], 'version': 201503437, 'ts': 1684404987668}}


18.05.2023 14:17 18.05.2023 14:17
