18.05.2023 12:48 18.05.2023 12:48
BTC-USDT {'code': '200000', 'data': {'time': 1684399737113, 'sequence': '7821510635', 'bids': [['27404.8', '0.91215616'], ['27404.7', '0.11514341'], ['27404.6', '0.18610792'], ['27404.5', '0.29759344'], ['27404.1', '0.03523591'], ['27403.3', '0.02269872'], ['27403.2', '0.68914922'], ['27403.1', '0.85610708'], ['27402', '0.19991826'], ['27401.7', '0.04539744'], ['27400.6', '0.00087216'], ['27400.5', '0.39376807'], ['27400.4', '1.12'], ['27399.3', '0.05475501'], ['27399.2', '0.45166666'], ['27399', '0.02666667'], ['27398.9', '0.02666667'], ['27398.8', '0.00329705'], ['27398.5', '0.09079488'], ['27398.2', '5.54064134']], 'asks': [['27404.9', '0.51840124'], ['27405', '0.00283734'], ['27405.2', '0.00567468'], ['27405.4', '0.00567468'], ['27405.6', '0.05473288'], ['27405.8', '0.01134936'], ['27406.4', '0.16445247'], ['27406.6', '0.24135518'], ['27406.7', '0.07426648'], ['27406.9', '0.00112328'], ['27407', '0.4475124'], ['27407.4', '0.88'], ['27407.7', '0.44324572'], ['27408.1', '0.39376807'], ['27408.2', '1.26610244'], ['27408.9', '0.02850342'], ['27409', '0.35327058'], ['27409.1', '0.18241935'], ['27409.3', '0.00087216'], ['27409.4', '9.79424657']]}}


18.05.2023 12:49 18.05.2023 12:49
DOGE-USDT {'code': '200000', 'data': {'time': 1684399744108, 'sequence': '1189173929', 'bids': [['0.074', '41359.4304'], ['0.07399', '27717.5948'], ['0.07398', '145763.3321'], ['0.07397', '27027.027'], ['0.07396', '35341.7238'], ['0.07395', '62003.9084'], ['0.07394', '190574.9981'], ['0.07393', '179964.215'], ['0.07392', '247280.7346'], ['0.0739', '28590.0912'], ['0.07389', '15221.9'], ['0.07388', '27034.3336'], ['0.07387', '50058.6606'], ['0.07386', '631900.0591'], ['0.07385', '158561.2589'], ['0.07384', '72198.7607'], ['0.07383', '106725.6381'], ['0.07382', '3392.3988'], ['0.07381', '135000'], ['0.0738', '876990.0355']], 'asks': [['0.07402', '12844.2816'], ['0.07403', '169214.4329'], ['0.07404', '68772.699'], ['0.07405', '66930.0739'], ['0.07406', '47529.2109'], ['0.07407', '329197.7511'], ['0.07408', '16.6346'], ['0.07409', '34047.9289'], ['0.0741', '53796.8607'], ['0.07411', '482909.8692'], ['0.07412', '64382.5009'], ['0.07413', '164934.2782'], ['0.07414', '449325.372'], ['0.07415', '700415.6114'], ['0.07416', '27054.5718'], ['0.07417', '67499.566'], ['0.07418', '69173.6019'], ['0.07419', '54453.0161'], ['0.0742', '138659.9674'], ['0.07421', '339.213']]}}


18.05.2023 12:49 18.05.2023 12:49
LTC-USDT {'code': '200000', 'data': {'time': 1684399750928, 'sequence': '913733846', 'bids': [['92.984', '14'], ['92.976', '0.4'], ['92.974', '7.4'], ['92.972', '7.877895'], ['92.971', '2.9'], ['92.963', '7'], ['92.96', '66.507362'], ['92.958', '41.782332'], ['92.955', '30.287746'], ['92.953', '7'], ['92.951', '228.428433'], ['92.95', '11.389833'], ['92.945', '3.2265'], ['92.943', '7'], ['92.939', '2.689947'], ['92.931', '7.528501'], ['92.93', '7'], ['92.926', '1.613737'], ['92.922', '28'], ['92.918', '7']], 'asks': [['92.994', '14'], ['92.997', '35'], ['92.999', '19.79664'], ['93.001', '10.555536'], ['93.005', '7'], ['93.006', '4.666667'], ['93.007', '668.981695'], ['93.018', '2.5'], ['93.022', '7'], ['93.023', '2.151'], ['93.026', '33.285776'], ['93.027', '5.374755'], ['93.028', '15.2725'], ['93.032', '7'], ['93.036', '2.687142'], ['93.04', '53.516962'], ['93.042', '8.441303'], ['93.052', '1.88835'], ['93.066', '29.404296'], ['93.067', '0.007298']]}}


18.05.2023 12:49 18.05.2023 12:49
CCD-USDT {'code': '200000', 'data': {'time': 1684399758140, 'sequence': '73456498', 'bids': [['0.007191', '2292.9733'], ['0.00719', '229269.5519'], ['0.007181', '8501.5193'], ['0.00718', '115800.2719'], ['0.007155', '61.5165'], ['0.007131', '10300'], ['0.00713', '152177.8731'], ['0.007121', '3257.2256'], ['0.007111', '950.6935'], ['0.00711', '1258.0082'], ['0.00709', '3200'], ['0.007085', '717.9734'], ['0.007074', '61.5165'], ['0.007073', '2329.6715'], ['0.00707', '48.7'], ['0.007069', '3200'], ['0.007063', '1600'], ['0.007062', '47968.5687'], ['0.00706', '199038.6208'], ['0.007048', '476827.9315']], 'asks': [['0.0072', '6675.0267'], ['0.007203', '931.3274'], ['0.007209', '13189.234'], ['0.00721', '40836.7947'], ['0.00722', '28744.9826'], ['0.007229', '3200'], ['0.00723', '25117.6327'], ['0.007249', '6400'], ['0.00725', '50520.3726'], ['0.007259', '6400'], ['0.00726', '76969.2794'], ['0.007269', '6400'], ['0.00727', '117073.218'], ['0.007279', '3200'], ['0.007281', '57.2256'], ['0.007299', '1238.4698'], ['0.007309', '3200'], ['0.007317', '61.5165'], ['0.00732', '148365.1855'], ['0.007323', '29.6715']]}}


18.05.2023 12:49 18.05.2023 12:49
TOP-USDT {'code': '200000', 'data': {'time': 0, 'sequence': None, 'bids': None, 'asks': None}}


18.05.2023 12:49 18.05.2023 12:49
METAL-USDT {'code': '200000', 'data': {'time': 0, 'sequence': None, 'bids': None, 'asks': None}}


18.05.2023 12:49 18.05.2023 12:49
COTI-USDT {'code': '200000', 'data': {'time': 1684399774919, 'sequence': '192838426', 'bids': [['0.069703', '372.9876'], ['0.069669', '1045'], ['0.069657', '401.846'], ['0.069617', '3591.0646'], ['0.06961', '400.2945'], ['0.0696', '9.647'], ['0.06956', '6.7041'], ['0.069542', '4.1763'], ['0.069526', '18.1524'], ['0.069476', '2.7307'], ['0.069435', '5.6714'], ['0.069434', '17.8465'], ['0.069406', '7.0632'], ['0.069377', '3.2121'], ['0.069362', '2.7539'], ['0.06935', '134.728'], ['0.069348', '7.2902'], ['0.06932', '17.3143'], ['0.069312', '2.7554'], ['0.069302', '21.377']], 'asks': [['0.069819', '2734.5135'], ['0.069849', '11259'], ['0.069858', '366.1609'], ['0.069889', '5672.5232'], ['0.06991', '394.0884'], ['0.070028', '11424.0162'], ['0.070029', '1067.98'], ['0.070043', '9.3604'], ['0.070045', '18.2217'], ['0.07005', '3.4455'], ['0.070061', '29.7549'], ['0.070067', '263.5552'], ['0.070087', '4.7052'], ['0.070088', '2.5305'], ['0.070094', '13857.0379'], ['0.07011', '261.6396'], ['0.070113', '19.0101'], ['0.070118', '278.0808'], ['0.070119', '22.0102'], ['0.070124', '12.1091']]}}


18.05.2023 12:49 18.05.2023 12:49
RIBBIT-USDT {'code': '200000', 'data': {'time': 0, 'sequence': None, 'bids': None, 'asks': None}}


18.05.2023 12:49 18.05.2023 12:49
TRVL-USDT {'code': '200000', 'data': {'time': 1684399798316, 'sequence': '35615619', 'bids': [['0.03708', '38.288'], ['0.03695', '100.8616'], ['0.03691', '1354.6464'], ['0.0369', '8.27'], ['0.03688', '985'], ['0.03687', '5214.2465'], ['0.03686', '9436.7715'], ['0.03685', '20124.743'], ['0.03684', '9039.398'], ['0.03683', '8899.7673'], ['0.0368', '710'], ['0.0367', '940.3789'], ['0.03669', '6112.11'], ['0.03668', '20.4106'], ['0.03667', '700'], ['0.03666', '8452.11'], ['0.03661', '18058.2834'], ['0.0366', '710'], ['0.03658', '77.0658'], ['0.0365', '710']], 'asks': [['0.03709', '3371.6984'], ['0.0371', '3053.1384'], ['0.03712', '5762.3871'], ['0.03713', '3514.1903'], ['0.0374', '269.179'], ['0.03741', '3801.7521'], ['0.03742', '3647.7095'], ['0.03743', '5857.6429'], ['0.03744', '8974.1685'], ['0.03745', '5778.0487'], ['0.03746', '6307.732'], ['0.03757', '1780.5578'], ['0.03758', '77.0658'], ['0.03768', '7623.1191'], ['0.03771', '28675.8753'], ['0.03772', '17210.2969'], ['0.03773', '277.5409'], ['0.03783', '77.0658'], ['0.03786', '40.8853'], ['0.03792', '4958.38']]}}


18.05.2023 12:50 18.05.2023 12:50
EMON-USDT {'code': '200000', 'data': {'time': 0, 'sequence': None, 'bids': None, 'asks': None}}


18.05.2023 12:50 18.05.2023 12:50
KOK-USDT {'code': '200000', 'data': {'time': 1684399841263, 'sequence': '27354715', 'bids': [['0.035', '876.8142'], ['0.0349', '9046.8797'], ['0.0348', '747.268'], ['0.0347', '4488.4209'], ['0.0346', '44572.2415'], ['0.0345', '2530.258'], ['0.0344', '1719.3892'], ['0.0343', '1118.1727'], ['0.0342', '175.9821'], ['0.0341', '1929.5464'], ['0.034', '3750.4704'], ['0.0339', '6016.0587'], ['0.0338', '1439.1748'], ['0.0337', '1016.8797'], ['0.0336', '6496.2376'], ['0.0335', '1621.79'], ['0.0334', '4034.4618'], ['0.0333', '2945.497'], ['0.0332', '710.4607'], ['0.0331', '306.8797']], 'asks': [['0.0353', '256.2464'], ['0.0354', '1437.6821'], ['0.0355', '2056.8622'], ['0.0356', '940.8933'], ['0.0357', '116.3537'], ['0.0358', '567.5081'], ['0.0359', '383.5577'], ['0.036', '1586.6705'], ['0.0361', '306.8797'], ['0.0362', '1436.347'], ['0.0363', '789.365'], ['0.0364', '3649.0127'], ['0.0365', '30843.5568'], ['0.0366', '175.9821'], ['0.0367', '824.4006'], ['0.0368', '721.6794'], ['0.0369', '1527.8633'], ['0.037', '1848.9697'], ['0.0371', '695.0673'], ['0.0372', '958.4867']]}}


18.05.2023 12:50 18.05.2023 12:50
REEF-USDT {'code': '200000', 'data': {'time': 1684399853967, 'sequence': '82909296', 'bids': [['0.002282', '595856.7615'], ['0.002281', '51282.2402'], ['0.00228', '438020.1489'], ['0.002278', '966756.3713'], ['0.002275', '5000'], ['0.002274', '213884'], ['0.002269', '5000'], ['0.002268', '1314636.284'], ['0.002267', '182825.2331'], ['0.002262', '56.1084'], ['0.002258', '407.4983'], ['0.002257', '876.463'], ['0.002256', '1123.5334'], ['0.002255', '58.2898'], ['0.002251', '442.0317'], ['0.00225', '2369.4553'], ['0.002247', '644.9421'], ['0.002242', '56.1084'], ['0.002241', '76444.479'], ['0.002239', '89325.5917']], 'asks': [['0.002284', '4418.9129'], ['0.002289', '58.2898'], ['0.002292', '795040.8871'], ['0.002295', '644.9421'], ['0.002297', '585986'], ['0.002299', '349.0696'], ['0.0023', '22362.3894'], ['0.002301', '147.2331'], ['0.002302', '56.1084'], ['0.002306', '58.2898'], ['0.00231', '398.3251'], ['0.002317', '442.0317'], ['0.002318', '147.2331'], ['0.002319', '1648.4688'], ['0.002322', '8667.1712'], ['0.002323', '58.2898'], ['0.002331', '9451.8149'], ['0.002333', '71.8822'], ['0.002335', '147.2331'], ['0.002336', '664.0046']]}}


18.05.2023 12:51 18.05.2023 12:51
SUTER-USDT {'code': '200000', 'data': {'time': 1684399863462, 'sequence': '42522061', 'bids': [['0.0004525', '731.9636'], ['0.0004522', '565.8094'], ['0.000452', '2106.9682'], ['0.0004508', '2221.0041'], ['0.0004501', '731.9636'], ['0.00045', '362.8977'], ['0.0004493', '559.5431'], ['0.0004485', '61952.1371'], ['0.0004484', '1502.0295'], ['0.0004482', '565.8094'], ['0.0004481', '373.4261'], ['0.000448', '3644.8098'], ['0.0004477', '731.9636'], ['0.0004467', '32000'], ['0.0004466', '98021.0718'], ['0.0004465', '24035.1422'], ['0.0004455', '2221.0041'], ['0.0004453', '731.9636'], ['0.000445', '35000'], ['0.0004443', '362.8977']], 'asks': [['0.0004572', '296161.1752'], ['0.0004573', '106429.8623'], ['0.0004596', '825'], ['0.0004597', '731.9636'], ['0.00046', '2106.9682'], ['0.0004602', '565.8094'], ['0.0004614', '2583.9018'], ['0.0004619', '1100'], ['0.000462', '1737.2199'], ['0.0004621', '731.9636'], ['0.0004624', '646.7992'], ['0.000464', '2106.9682'], ['0.0004642', '565.8094'], ['0.0004645', '731.9636'], ['0.0004659', '887384.8093'], ['0.000466', '105000'], ['0.0004661', '99447.5138'], ['0.0004663', '646.7992'], ['0.0004667', '2221.0041'], ['0.0004669', '731.9636']]}}


18.05.2023 12:51 18.05.2023 12:51
REELT-USDT {'code': '200000', 'data': {'time': 0, 'sequence': None, 'bids': None, 'asks': None}}


18.05.2023 12:51 18.05.2023 12:51
CVTX-USDT {'code': '200000', 'data': {'time': 0, 'sequence': None, 'bids': None, 'asks': None}}


18.05.2023 12:51 18.05.2023 12:51
MOON-USDT {'code': '200000', 'data': {'time': 0, 'sequence': None, 'bids': None, 'asks': None}}


18.05.2023 12:51 18.05.2023 12:51
CNAME-USDT {'code': '200000', 'data': {'time': 0, 'sequence': None, 'bids': None, 'asks': None}}


18.05.2023 12:51 18.05.2023 12:51
VOLT-USDT {'code': '200000', 'data': {'time': 0, 'sequence': None, 'bids': None, 'asks': None}}


18.05.2023 12:51 18.05.2023 12:51
LGX-USDT {'code': '200000', 'data': {'time': 0, 'sequence': None, 'bids': None, 'asks': None}}


18.05.2023 12:51 18.05.2023 12:51
GPT-USDT {'code': '200000', 'data': {'time': 1684399914875, 'sequence': '12974609', 'bids': [['0.02339', '13954.2766'], ['0.02338', '27968.0384'], ['0.02337', '89421.8418'], ['0.02336', '326.5237'], ['0.02335', '44090.9566'], ['0.02334', '110964.9801'], ['0.02326', '21533.4455'], ['0.02324', '22.7843'], ['0.02322', '274.9495'], ['0.0232', '24.4975'], ['0.02319', '10315.7183'], ['0.02318', '278.7353'], ['0.02315', '79.768'], ['0.02314', '24.4532'], ['0.02312', '65.8827'], ['0.02311', '15.9461'], ['0.0231', '23.9213'], ['0.02308', '79.2196'], ['0.02305', '125.7394'], ['0.02302', '59.6179']], 'asks': [['0.02347', '24568.1813'], ['0.02348', '1111.7442'], ['0.02349', '22499.9998'], ['0.02351', '121.9507'], ['0.02352', '16.8954'], ['0.02353', '1354'], ['0.02354', '20.8267'], ['0.02356', '323.2847'], ['0.02358', '1406.6991'], ['0.02359', '24.4975'], ['0.0236', '15021.6906'], ['0.02361', '79.768'], ['0.02362', '121.9348'], ['0.02363', '92.3308'], ['0.02366', '13.9352'], ['0.02367', '15.9461'], ['0.02371', '12.2152'], ['0.02372', '51.1413'], ['0.02374', '36.7355'], ['0.02375', '320.8337']]}}


18.05.2023 12:51 18.05.2023 12:51
TSUKA-USDT {'code': '200000', 'data': {'time': 0, 'sequence': None, 'bids': None, 'asks': None}}


18.05.2023 12:52 18.05.2023 12:52
UNB-USDT {'code': '200000', 'data': {'time': 1684399923735, 'sequence': '36227066', 'bids': [['0.000891', '39880.8723'], ['0.0008803', '4553.362'], ['0.0008793', '510.9653'], ['0.0008781', '180.5959'], ['0.0008777', '2194.4391'], ['0.0008774', '554.1637'], ['0.0008761', '1146.7418'], ['0.0008722', '510.9653'], ['0.000872', '191'], ['0.000871', '180.5959'], ['0.0008705', '4553.362'], ['0.0008692', '554.1637'], ['0.0008677', '52614.2016'], ['0.0008676', '47540'], ['0.0008674', '1498731.8422'], ['0.0008669', '537237.9743'], ['0.0008667', '1146.7418'], ['0.0008666', '21026.525'], ['0.0008663', '2213.8611'], ['0.0008662', '8254.2604']], 'asks': [['0.0008923', '180.5959'], ['0.0008931', '13222.2696'], ['0.0008935', '510.9653'], ['0.0008938', '554.1637'], ['0.0008949', '1146.7418'], ['0.000896', '560.4664'], ['0.000897', '54000'], ['0.000898', '5695.9684'], ['0.000899', '4614.5464'], ['0.0008994', '61047.8967'], ['0.0008995', '617269.802'], ['0.0008996', '40914.7731'], ['0.0008999', '4553.362'], ['0.0009', '161.4803'], ['0.0009006', '510.9653'], ['0.000901', '2156.119'], ['0.0009017', '221.835'], ['0.000902', '554.1637'], ['0.0009023', '42378.7743'], ['0.0009025', '20793.7629']]}}


18.05.2023 12:52 18.05.2023 12:52
XEN-USDT {'code': '200000', 'data': {'time': 0, 'sequence': None, 'bids': None, 'asks': None}}


18.05.2023 12:52 18.05.2023 12:52
KON-USDT {'code': '200000', 'data': {'time': 0, 'sequence': None, 'bids': None, 'asks': None}}


18.05.2023 12:52 18.05.2023 12:52
DAO-USDT {'code': '200000', 'data': {'time': 1684399941712, 'sequence': '127218812', 'bids': [['1.39801', '254.8423'], ['1.39618', '305.8999'], ['1.39617', '554.8915'], ['1.39506', '71.4673'], ['1.3947', '720.0353'], ['1.39449', '290'], ['1.39159', '5.3938'], ['1.39111', '0.25'], ['1.39077', '342.7999'], ['1.39074', '2.5043'], ['1.3892', '139.3992'], ['1.38919', '816.491'], ['1.38816', '0.2575'], ['1.38808', '12.4046'], ['1.38788', '4.7035'], ['1.38779', '1061.908'], ['1.38693', '390'], ['1.38688', '0.3603'], ['1.38636', '0.5831'], ['1.38481', '746.8218']], 'asks': [['1.39965', '7.8594'], ['1.39967', '7.088'], ['1.39975', '860.8315'], ['1.40134', '31.198'], ['1.40135', '43.271'], ['1.40382', '29.549'], ['1.40383', '29.294'], ['1.40385', '53.28'], ['1.40389', '52.432'], ['1.40583', '30.6447'], ['1.40584', '396.286'], ['1.40591', '36.201'], ['1.40595', '83.632'], ['1.40596', '34.345'], ['1.40611', '1.2832'], ['1.40658', '0.2683'], ['1.40733', '0.1631'], ['1.40781', '1.8949'], ['1.40804', '1.3414'], ['1.41', '0.6113']]}}


18.05.2023 14:10 18.05.2023 14:10
BTC-USDT {'code': '200000', 'data': {'time': 1684404657533, 'sequence': '7822112391', 'bids': [['27417.7', '0.42246232'], ['27416.9', '0.11226136'], ['27416.7', '0.00567468'], ['27416.6', '0.00366003'], ['27416.5', '0.00561425'], ['27416.4', '0.00017089'], ['27416.2', '0.24105245'], ['27416.1', '0.01134936'], ['27415.3', '0.02269872'], ['27415', '0.00366181'], ['27414.3', '0.18239053'], ['27413.7', '0.04539744'], ['27412.7', '0.001'], ['27412.2', '0.0015659'], ['27412.1', '0.00938376'], ['27412', '0.29469585'], ['27411.9', '0.425'], ['27411.8', '0.11066808'], ['27411.7', '0.39376462'], ['27411.6', '0.05471619']], 'asks': [['27417.8', '1.58334978'], ['27417.9', '0.29979298'], ['27418.1', '0.18236641'], ['27418.5', '0.29178165'], ['27418.6', '0.02269872'], ['27419.2', '0.0015022'], ['27419.3', '0.65396111'], ['27419.4', '1.22680258'], ['27419.5', '0.0737253'], ['27419.6', '0.00937947'], ['27419.7', '0.11036165'], ['27419.9', '0.05498998'], ['27420', '0.011'], ['27420.2', '0.04539744'], ['27420.7', '0.02033173'], ['27421.7', '0.00125371'], ['27421.8', '0.0025131'], ['27421.9', '8.82849822'], ['27422.1', '1.2'], ['27422.2', '0.00091194']]}}


18.05.2023 14:11 18.05.2023 14:11
DOGE-USDT {'code': '200000', 'data': {'time': 1684404671507, 'sequence': '1189286539', 'bids': [['0.07413', '20745.0572'], ['0.07412', '30646.334'], ['0.07411', '136777.2404'], ['0.0741', '56914.4185'], ['0.07409', '18897.579'], ['0.07408', '253487.1489'], ['0.07407', '2702.31'], ['0.07406', '28628.2914'], ['0.07405', '351277.8745'], ['0.07404', '33574.9183'], ['0.07403', '24895.7354'], ['0.07402', '113696.9962'], ['0.07401', '329864.5349'], ['0.074', '91287.0869'], ['0.07399', '481428.1008'], ['0.07398', '23334.3664'], ['0.07397', '768006.2195'], ['0.07396', '151403.0939'], ['0.07395', '335.2906'], ['0.07394', '137602.436']], 'asks': [['0.07414', '6744.4374'], ['0.07415', '6744.0725'], ['0.07416', '7242.0647'], ['0.07417', '152380.0171'], ['0.07418', '32374.3158'], ['0.07419', '48986.9883'], ['0.0742', '44051.7714'], ['0.07421', '40844.983'], ['0.07422', '329965.5951'], ['0.07423', '2085.5689'], ['0.07424', '13629.8346'], ['0.07425', '336920.0341'], ['0.07426', '36892.104'], ['0.07427', '81018.6693'], ['0.07428', '827507.6052'], ['0.07429', '404320.6568'], ['0.0743', '151758.862'], ['0.07431', '125074.9291'], ['0.07432', '30402.6507'], ['0.07433', '134637.7957']]}}


18.05.2023 14:11 18.05.2023 14:11
LTC-USDT {'code': '200000', 'data': {'time': 1684404682722, 'sequence': '913927951', 'bids': [['93.12', '31.448345'], ['93.114', '0.4'], ['93.113', '2.5'], ['93.111', '7.899999'], ['93.11', '0.4'], ['93.109', '7'], ['93.105', '2.14742'], ['93.103', '41.782332'], ['93.102', '21.074088'], ['93.1', '3.221131'], ['93.098', '7'], ['93.09', '9.224203'], ['93.086', '243.126684'], ['93.083', '66.507362'], ['93.082', '2.685807'], ['93.081', '7'], ['93.075', '1.613753'], ['93.074', '35.131284'], ['93.071', '7'], ['93.066', '0.053858']], 'asks': [['93.133', '5.5'], ['93.141', '28'], ['93.148', '1.613753'], ['93.153', '12.958374'], ['93.16', '31.331378'], ['93.167', '5.366867'], ['93.169', '631.853237'], ['93.178', '4.830446'], ['93.183', '3.221131'], ['93.197', '7.515971'], ['93.2', '45.274776'], ['93.203', '32.802283'], ['93.205', '41.782332'], ['93.219', '0.006758'], ['93.222', '0.002169'], ['93.223', '0.022962'], ['93.224', '26.942'], ['93.228', '193.118707'], ['93.229', '267.32193'], ['93.231', '0.002112']]}}


18.05.2023 14:11 18.05.2023 14:11
CCD-USDT {'code': '200000', 'data': {'time': 1684404687198, 'sequence': '73475107', 'bids': [['0.007201', '3200'], ['0.0072', '223229.2965'], ['0.007191', '8000'], ['0.00719', '3025.337'], ['0.00718', '113237.458'], ['0.007155', '61.5165'], ['0.007141', '4800'], ['0.007131', '6400'], ['0.00713', '151777.7231'], ['0.007121', '57.2256'], ['0.007111', '950.6935'], ['0.00711', '1258.0082'], ['0.007085', '717.9734'], ['0.007081', '1600'], ['0.007079', '3200'], ['0.007077', '1600'], ['0.007075', '4900'], ['0.007074', '61.5165'], ['0.007073', '475172.2222'], ['0.007072', '1800']], 'asks': [['0.007212', '1159.9837'], ['0.007229', '10876.5637'], ['0.00723', '45394.7305'], ['0.007231', '3200'], ['0.007238', '2112.5749'], ['0.007239', '1800'], ['0.00724', '24729.5439'], ['0.007259', '9600'], ['0.00726', '50416.3538'], ['0.007269', '6400'], ['0.00727', '75221.7894'], ['0.00728', '113068.7125'], ['0.007281', '57.2256'], ['0.007289', '6400'], ['0.007299', '1238.4698'], ['0.007309', '3200'], ['0.007317', '61.5165'], ['0.007323', '29.6715'], ['0.007327', '659.7353'], ['0.00733', '152336.4515']]}}


18.05.2023 14:11 18.05.2023 14:11
TOP-USDT {'code': '200000', 'data': {'time': 0, 'sequence': None, 'bids': None, 'asks': None}}


18.05.2023 14:11 18.05.2023 14:11
METAL-USDT {'code': '200000', 'data': {'time': 0, 'sequence': None, 'bids': None, 'asks': None}}


18.05.2023 14:12 18.05.2023 14:12
COTI-USDT {'code': '200000', 'data': {'time': 1684404738386, 'sequence': '192860446', 'bids': [['0.0698', '372.367'], ['0.069766', '941'], ['0.069752', '389.4338'], ['0.069718', '3585.8544'], ['0.069711', '382.6071'], ['0.0696', '9.647'], ['0.06956', '6.7041'], ['0.069542', '4.1763'], ['0.069526', '18.1524'], ['0.069476', '2.7307'], ['0.069435', '5.6714'], ['0.069434', '17.8465'], ['0.069406', '7.0632'], ['0.069377', '3.2121'], ['0.069362', '2.7539'], ['0.06935', '134.728'], ['0.069348', '7.2902'], ['0.06932', '17.3143'], ['0.069312', '2.7554'], ['0.069302', '21.377']], 'asks': [['0.069946', '2734.5135'], ['0.069955', '385.3998'], ['0.069991', '382.6071'], ['0.070016', '5672.5232'], ['0.070024', '11254'], ['0.070029', '1067.98'], ['0.070043', '9.3604'], ['0.070045', '18.2217'], ['0.07005', '3.4455'], ['0.070061', '29.7549'], ['0.070067', '263.5552'], ['0.070087', '4.7052'], ['0.070088', '11416.7057'], ['0.07011', '261.6396'], ['0.070113', '19.0101'], ['0.070118', '278.0808'], ['0.070119', '22.0102'], ['0.070124', '12.1091'], ['0.070125', '5.7491'], ['0.070126', '31.0291']]}}


18.05.2023 14:12 18.05.2023 14:12
RIBBIT-USDT {'code': '200000', 'data': {'time': 0, 'sequence': None, 'bids': None, 'asks': None}}


18.05.2023 14:12 18.05.2023 14:12
TRVL-USDT {'code': '200000', 'data': {'time': 1684404769145, 'sequence': '35633261', 'bids': [['0.03664', '944.9477'], ['0.03663', '2975.4726'], ['0.03661', '1362.7626'], ['0.0366', '845.4791'], ['0.03646', '7484.006'], ['0.03635', '5893.48'], ['0.03633', '77.0658'], ['0.03609', '40.8853'], ['0.03608', '77.0658'], ['0.036', '2814.8802'], ['0.03598', '5953.62'], ['0.03595', '105.4559'], ['0.03594', '18520.0556'], ['0.03593', '5643.58'], ['0.03592', '4741.34'], ['0.0359', '710'], ['0.03589', '6428.76'], ['0.03585', '9430.45'], ['0.03583', '8853.9458'], ['0.0358', '8.52']], 'asks': [['0.03667', '480.6532'], ['0.03668', '3924.7049'], ['0.03671', '28033.4583'], ['0.03672', '18861.4764'], ['0.03674', '4066.3861'], ['0.03675', '7243.5155'], ['0.03676', '7566.2847'], ['0.0368', '8919.637'], ['0.03681', '13553.1718'], ['0.03683', '77.0658'], ['0.03708', '77.0658'], ['0.03713', '5586.0218'], ['0.03727', '40.8853'], ['0.0373', '9.9'], ['0.03733', '77.0658'], ['0.03739', '269.179'], ['0.0374', '5008.1905'], ['0.03742', '700'], ['0.03744', '8974.1685'], ['0.03746', '6307.732']]}}


18.05.2023 14:13 18.05.2023 14:13
EMON-USDT {'code': '200000', 'data': {'time': 0, 'sequence': None, 'bids': None, 'asks': None}}


18.05.2023 14:13 18.05.2023 14:13
KOK-USDT {'code': '200000', 'data': {'time': 1684404803135, 'sequence': '27359824', 'bids': [['0.035', '9030'], ['0.0349', '1977.7119'], ['0.0348', '46176.4454'], ['0.0347', '2123.4209'], ['0.0346', '666.5081'], ['0.0345', '4424.9424'], ['0.0344', '1322.217'], ['0.0343', '2843.1146'], ['0.0342', '1682.9821'], ['0.0341', '1929.5464'], ['0.034', '4140.3844'], ['0.0339', '6016.0587'], ['0.0338', '139.1748'], ['0.0337', '306.8797'], ['0.0336', '1537.268'], ['0.0335', '8238.9581'], ['0.0334', '1563.5081'], ['0.0333', '4631.4986'], ['0.0332', '710.4607'], ['0.0331', '306.8797']], 'asks': [['0.0353', '73.5656'], ['0.0354', '318.9821'], ['0.0355', '2556.8622'], ['0.0356', '940.8933'], ['0.0357', '116.3537'], ['0.0358', '567.5081'], ['0.0359', '383.5577'], ['0.036', '1586.6705'], ['0.0361', '306.8797'], ['0.0362', '439.1748'], ['0.0363', '2518.4889'], ['0.0364', '3649.0127'], ['0.0365', '30843.5568'], ['0.0366', '175.9821'], ['0.0367', '824.4006'], ['0.0368', '721.6794'], ['0.0369', '1527.8633'], ['0.037', '1848.9697'], ['0.0371', '695.0673'], ['0.0372', '958.4867']]}}


18.05.2023 14:13 18.05.2023 14:13
REEF-USDT {'code': '200000', 'data': {'time': 1684404828862, 'sequence': '82916868', 'bids': [['0.002282', '81294.9547'], ['0.002281', '51282.2402'], ['0.00228', '532828.3713'], ['0.002279', '12040.6277'], ['0.002278', '473842.7615'], ['0.002276', '437828.3713'], ['0.002269', '5000'], ['0.002268', '2194001.2845'], ['0.002267', '5147.2331'], ['0.002262', '56.1084'], ['0.002258', '407.4983'], ['0.002257', '876.463'], ['0.002256', '1123.5334'], ['0.002255', '58.2898'], ['0.002251', '442.0317'], ['0.00225', '2369.4553'], ['0.002247', '644.9421'], ['0.002243', '89166.2951'], ['0.002242', '56.1084'], ['0.002238', '145675.2652']], 'asks': [['0.002288', '29059.1008'], ['0.002289', '58.2898'], ['0.002295', '644.9421'], ['0.002297', '153647'], ['0.002299', '349.0696'], ['0.002301', '147.2331'], ['0.002302', '56.1084'], ['0.002304', '5000'], ['0.002305', '173589.2195'], ['0.002306', '22420.6792'], ['0.00231', '398.3251'], ['0.002317', '442.0317'], ['0.002318', '147.2331'], ['0.002319', '1648.4688'], ['0.002322', '8667.1712'], ['0.002323', '58.2898'], ['0.002331', '9451.8149'], ['0.002333', '5071.8822'], ['0.002334', '50635.6886'], ['0.002335', '147.2331']]}}


18.05.2023 14:13 18.05.2023 14:13
SUTER-USDT {'code': '200000', 'data': {'time': 1684404838486, 'sequence': '42532546', 'bids': [['0.0004508', '2221.0041'], ['0.0004501', '731.9636'], ['0.00045', '362.8977'], ['0.0004489', '110228.791'], ['0.0004487', '110228.791'], ['0.0004486', '31000'], ['0.0004484', '1502.0295'], ['0.0004482', '565.8094'], ['0.0004481', '373.4261'], ['0.000448', '3644.8098'], ['0.0004478', '561.4174'], ['0.0004477', '731.9636'], ['0.0004469', '34000'], ['0.0004467', '32000'], ['0.0004466', '98021.0718'], ['0.0004465', '24035.1422'], ['0.0004455', '2221.0041'], ['0.0004453', '731.9636'], ['0.000445', '35000'], ['0.0004443', '362.8977']], 'asks': [['0.0004548', '166426.7862'], ['0.0004549', '107161.8258'], ['0.0004555', '1903'], ['0.000456', '2106.9682'], ['0.0004562', '565.8094'], ['0.0004573', '0.0001'], ['0.0004595', '2076'], ['0.0004597', '731.9636'], ['0.00046', '2106.9682'], ['0.0004602', '565.8094'], ['0.0004614', '2583.9018'], ['0.000462', '1737.2199'], ['0.0004621', '731.9636'], ['0.0004624', '646.7992'], ['0.000464', '2106.9682'], ['0.0004642', '565.8094'], ['0.0004645', '731.9636'], ['0.000466', '992384.8093'], ['0.0004661', '99447.5138'], ['0.0004663', '646.7992']]}}


18.05.2023 14:14 18.05.2023 14:14
REELT-USDT {'code': '200000', 'data': {'time': 0, 'sequence': None, 'bids': None, 'asks': None}}


18.05.2023 14:14 18.05.2023 14:14
CVTX-USDT {'code': '200000', 'data': {'time': 0, 'sequence': None, 'bids': None, 'asks': None}}


18.05.2023 14:15 18.05.2023 14:15
MOON-USDT {'code': '200000', 'data': {'time': 0, 'sequence': None, 'bids': None, 'asks': None}}


18.05.2023 14:15 18.05.2023 14:15
CNAME-USDT {'code': '200000', 'data': {'time': 0, 'sequence': None, 'bids': None, 'asks': None}}


18.05.2023 14:15 18.05.2023 14:15
VOLT-USDT {'code': '200000', 'data': {'time': 0, 'sequence': None, 'bids': None, 'asks': None}}


18.05.2023 14:15 18.05.2023 14:15
LGX-USDT {'code': '200000', 'data': {'time': 0, 'sequence': None, 'bids': None, 'asks': None}}


18.05.2023 14:16 18.05.2023 14:16
GPT-USDT {'code': '200000', 'data': {'time': 1684404960366, 'sequence': '12990945', 'bids': [['0.02381', '14364'], ['0.0238', '1056.038'], ['0.02379', '22499.9998'], ['0.02378', '86956.683'], ['0.02377', '1354'], ['0.02375', '318.441'], ['0.02374', '12.238'], ['0.02373', '43481.0903'], ['0.02372', '37.1049'], ['0.02371', '12.2152'], ['0.02367', '15.9461'], ['0.02366', '31449.1463'], ['0.02365', '24.4975'], ['0.02363', '92.3308'], ['0.02362', '241862.4425'], ['0.02361', '79.768'], ['0.0236', '21.6906'], ['0.02358', '52.6991'], ['0.02356', '320.8337'], ['0.02354', '25.0747']], 'asks': [['0.02398', '1393.5326'], ['0.024', '13115.6209'], ['0.02402', '59.6179'], ['0.02404', '77.1966'], ['0.02406', '1710.5331'], ['0.02407', '79.768'], ['0.02408', '15014.0364'], ['0.02409', '45.2776'], ['0.02411', '214.381'], ['0.02412', '13.1836'], ['0.02413', '325.6261'], ['0.02414', '165.8717'], ['0.02416', '39.5326'], ['0.02419', '22.7843'], ['0.02421', '27171.3024'], ['0.02422', '2163.1096'], ['0.02423', '28.7828'], ['0.02426', '12.0366'], ['0.02427', '52.6991'], ['0.02428', '12.2152']]}}


18.05.2023 14:16 18.05.2023 14:16
TSUKA-USDT {'code': '200000', 'data': {'time': 0, 'sequence': None, 'bids': None, 'asks': None}}


18.05.2023 14:16 18.05.2023 14:16
UNB-USDT {'code': '200000', 'data': {'time': 1684404985444, 'sequence': '36245026', 'bids': [['0.0008776', '23886.0342'], ['0.0008692', '554.1637'], ['0.0008667', '1146.7418'], ['0.0008651', '510.9653'], ['0.0008639', '180.5959'], ['0.000861', '554.1637'], ['0.0008608', '13245.7215'], ['0.0008607', '4553.362'], ['0.0008593', '26307.1008'], ['0.0008592', '8142.4959'], ['0.0008591', '12493.4481'], ['0.000859', '108200'], ['0.000858', '510.9653'], ['0.0008579', '1426284.0978'], ['0.0008578', '14575.9809'], ['0.0008573', '1146.7418'], ['0.0008571', '41707.1733'], ['0.0008568', '180.5959'], ['0.0008567', '140.0115'], ['0.0008564', '9187.5131']], 'asks': [['0.0008777', '2213.8611'], ['0.0008781', '180.5959'], ['0.0008793', '510.9653'], ['0.00088', '560.4664'], ['0.0008803', '4553.362'], ['0.0008847', '34294.2785'], ['0.0008848', '87040.2466'], ['0.0008852', '180.5959'], ['0.0008855', '1146.7418'], ['0.0008856', '554.1637'], ['0.0008857', '45213.5101'], ['0.0008864', '510.9653'], ['0.0008879', '87174.4016'], ['0.000888', '54000'], ['0.0008886', '617269.802'], ['0.0008887', '42378.7743'], ['0.0008889', '20695.0139'], ['0.000889', '28100'], ['0.0008893', '2194.4391'], ['0.00089', '30326']]}}


18.05.2023 14:16 18.05.2023 14:16
BTC-USDT {'code': '200000', 'data': {'time': 1684405016798, 'sequence': '7822152857', 'bids': [['27401.4', '1.23500473'], ['27401.3', '0.61778018'], ['27401.2', '0.11232419'], ['27401.1', '0.18397773'], ['27401', '0.2970248'], ['27400.8', '0.00568494'], ['27400.7', '0.03521279'], ['27400.5', '0.47221611'], ['27400.4', '0.01134936'], ['27400.2', '0.00464821'], ['27400.1', '0.01862998'], ['27399.8', '0.00253474'], ['27399.7', '0.05473196'], ['27399.6', '0.02506078'], ['27399.5', '0.54614169'], ['27399.4', '1.2'], ['27399.1', '0.01094442'], ['27399', '0.10696458'], ['27398.7', '0.39376807'], ['27398.6', '5.75780383']], 'asks': [['27401.5', '0.26215908'], ['27401.7', '0.00567468'], ['27402.1', '0.01134936'], ['27402.3', '0.001'], ['27402.8', '0.25448908'], ['27402.9', '0.02269872'], ['27403.7', '0.05583108'], ['27403.8', '0.26019304'], ['27403.9', '1.22680258'], ['27404.3', '0.425'], ['27404.4', '0.21479999'], ['27404.5', '0.04539744'], ['27404.6', '0.10947309'], ['27404.9', '0.56'], ['27405', '0.11824756'], ['27406', '0.00136593'], ['27406.1', '0.39204787'], ['27406.2', '0.00091247'], ['27406.7', '0.00109516'], ['27407.4', '0.00113786']]}}


18.05.2023 14:17 18.05.2023 14:17
DOGE-USDT {'code': '200000', 'data': {'time': 1684405032932, 'sequence': '1189294815', 'bids': [['0.07415', '17684.9251'], ['0.07414', '40968.7163'], ['0.07413', '10115.7513'], ['0.07412', '190407.3703'], ['0.07411', '59407.641'], ['0.07408', '195197.3854'], ['0.07407', '10220.8246'], ['0.07406', '552071.2542'], ['0.07405', '22387.0774'], ['0.07404', '781383.9844'], ['0.07403', '502379.2635'], ['0.07402', '56696.9305'], ['0.074', '167505.5261'], ['0.07397', '108145.9185'], ['0.07396', '120998.3424'], ['0.07395', '355.952'], ['0.07394', '2362.949'], ['0.07393', '40605.8583'], ['0.07392', '40496.0856'], ['0.0739', '1810.9014']], 'asks': [['0.07416', '34867.3274'], ['0.07417', '23443.7276'], ['0.07418', '68012.4221'], ['0.07419', '10738'], ['0.0742', '13484.3581'], ['0.07421', '129255.0924'], ['0.07423', '66513.6504'], ['0.07424', '83.8346'], ['0.07425', '15.496'], ['0.07426', '318094.935'], ['0.07427', '12050.0798'], ['0.07428', '393568.6828'], ['0.0743', '482215.8675'], ['0.07431', '103462.0114'], ['0.07432', '67394.7426'], ['0.07433', '767782.4524'], ['0.07434', '2056.1'], ['0.07436', '8.091'], ['0.07437', '315385.4713'], ['0.07438', '8297.3322']]}}


18.05.2023 14:17 18.05.2023 14:17
LTC-USDT {'code': '200000', 'data': {'time': 1684405048082, 'sequence': '913938955', 'bids': [['93.178', '4.4'], ['93.177', '14'], ['93.173', '33.366481'], ['93.167', '7'], ['93.157', '7'], ['93.154', '30.157652'], ['93.152', '2.5'], ['93.151', '7.499999'], ['93.147', '7'], ['93.143', '68.121115'], ['93.14', '2.146614'], ['93.139', '41.782332'], ['93.138', '2.298725'], ['93.136', '219.499801'], ['93.135', '3.219921'], ['93.134', '9.684312'], ['93.13', '23.996989'], ['93.124', '7'], ['93.123', '32.802283'], ['93.122', '16.119411']], 'asks': [['93.191', '14'], ['93.196', '12.365194'], ['93.201', '7'], ['93.206', '30.057072'], ['93.207', '1.613753'], ['93.21', '41.845467'], ['93.213', '632.969033'], ['93.218', '3.219921'], ['93.222', '0.002169'], ['93.223', '0.022962'], ['93.228', '0.044453'], ['93.229', '0.231293'], ['93.23', '2.681551'], ['93.231', '0.002112'], ['93.232', '7.513147'], ['93.235', '41.782332'], ['93.236', '0.007218'], ['93.238', '0.017391'], ['93.239', '5.391381'], ['93.248', '26.982']]}}


18.05.2023 14:17 18.05.2023 14:17
CCD-USDT {'code': '200000', 'data': {'time': 1684405059962, 'sequence': '73476170', 'bids': [['0.00721', '48862.0479'], ['0.007208', '838.4992'], ['0.007201', '1600'], ['0.0072', '171154.754'], ['0.007191', '8000'], ['0.00719', '111587.6366'], ['0.007155', '61.5165'], ['0.007141', '8000'], ['0.00714', '153616.0523'], ['0.007131', '3200'], ['0.007121', '57.2256'], ['0.007111', '950.6935'], ['0.00711', '1258.0082'], ['0.007087', '2000'], ['0.007085', '3917.9734'], ['0.007082', '474538.7265'], ['0.007081', '3600'], ['0.00708', '204258.431'], ['0.007079', '3200'], ['0.007077', '1600']], 'asks': [['0.007224', '12687.4008'], ['0.007225', '16712.8729'], ['0.007249', '9600'], ['0.00725', '24784.6006'], ['0.007259', '9600'], ['0.00726', '50809.8337'], ['0.007269', '6400'], ['0.00727', '75553.583'], ['0.00728', '116712.1261'], ['0.007281', '57.2256'], ['0.007289', '6400'], ['0.007299', '1238.4698'], ['0.007309', '3200'], ['0.007317', '61.5165'], ['0.007323', '29.6715'], ['0.007327', '659.7353'], ['0.00733', '152603.6418'], ['0.007351', '950.6935'], ['0.007361', '57.2256'], ['0.007367', '58.2381']]}}


18.05.2023 14:17 18.05.2023 14:17
TOP-USDT {'code': '200000', 'data': {'time': 0, 'sequence': None, 'bids': None, 'asks': None}}


18.05.2023 14:18 18.05.2023 14:18
METAL-USDT {'code': '200000', 'data': {'time': 0, 'sequence': None, 'bids': None, 'asks': None}}


18.05.2023 14:19 18.05.2023 14:19
COTI-USDT {'code': '200000', 'data': {'time': 1684405146030, 'sequence': '192862236', 'bids': [['0.069813', '846'], ['0.069812', '3581.0554'], ['0.069811', '381.9865'], ['0.069763', '392.5368'], ['0.0696', '9.647'], ['0.06956', '6.7041'], ['0.069542', '4.1763'], ['0.069526', '18.1524'], ['0.069476', '2.7307'], ['0.069435', '5.6714'], ['0.069434', '17.8465'], ['0.069406', '7.0632'], ['0.069377', '3.2121'], ['0.069362', '2.7539'], ['0.06935', '134.728'], ['0.069348', '7.2902'], ['0.06932', '17.3143'], ['0.069312', '2.7554'], ['0.069302', '21.377'], ['0.0693', '6.7361']], 'asks': [['0.069946', '2734.5135'], ['0.069997', '401.846'], ['0.070016', '5672.5232'], ['0.070029', '1067.98'], ['0.070043', '9.3604'], ['0.070044', '372.367'], ['0.070045', '18.2217'], ['0.07005', '11253.4455'], ['0.070061', '29.7549'], ['0.070067', '263.5552'], ['0.070087', '4.7052'], ['0.070088', '11416.7057'], ['0.07011', '261.6396'], ['0.070113', '19.0101'], ['0.070118', '278.0808'], ['0.070119', '22.0102'], ['0.070124', '12.1091'], ['0.070125', '5.7491'], ['0.070126', '31.0291'], ['0.070127', '523.2792']]}}


18.05.2023 14:19 18.05.2023 14:19
RIBBIT-USDT {'code': '200000', 'data': {'time': 0, 'sequence': None, 'bids': None, 'asks': None}}


18.05.2023 14:19 18.05.2023 14:19
TRVL-USDT {'code': '200000', 'data': {'time': 1684405180160, 'sequence': '35633668', 'bids': [['0.03664', '938.067'], ['0.03663', '2975.4726'], ['0.0366', '845.4791'], ['0.03647', '1363.3206'], ['0.03646', '7484.006'], ['0.03635', '5893.48'], ['0.03633', '77.0658'], ['0.03609', '40.8853'], ['0.03608', '77.0658'], ['0.036', '2814.8802'], ['0.03598', '5953.62'], ['0.03595', '105.4559'], ['0.03593', '18525.21'], ['0.03592', '4741.34'], ['0.0359', '710'], ['0.03589', '6428.76'], ['0.03585', '6540.47'], ['0.03583', '8853.9458'], ['0.0358', '8.52'], ['0.03571', '17630.786']], 'asks': [['0.03667', '480.6532'], ['0.03668', '17867.3617'], ['0.03669', '4012.2658'], ['0.03671', '28033.4583'], ['0.03672', '11223.4572'], ['0.03674', '4066.3861'], ['0.03676', '7566.2847'], ['0.03679', '269.179'], ['0.0368', '8919.637'], ['0.03681', '6844.3476'], ['0.03683', '77.0658'], ['0.03708', '77.0658'], ['0.03713', '5586.0218'], ['0.03727', '40.8853'], ['0.0373', '9.9'], ['0.03733', '77.0658'], ['0.0374', '5008.1905'], ['0.03742', '700'], ['0.03744', '8974.1685'], ['0.03746', '6307.732']]}}


18.05.2023 14:21 18.05.2023 14:21
BTC-USDT {'code': '200000', 'data': {'time': 1684405306495, 'sequence': '7822196594', 'bids': [['27408.2', '0.4610542'], ['27408', '0.07742853'], ['27407.6', '0.00000002'], ['27407.1', '0.00366003'], ['27407', '0.00109461'], ['27406.6', '0.36855518'], ['27406.4', '0.04539744'], ['27406', '0.0009122'], ['27405', '0.48562423'], ['27403.7', '0.0013527'], ['27403.6', '0.001'], ['27403.5', '0.00245364'], ['27403.4', '0.425'], ['27403.2', '0.7051086'], ['27402.7', '0.05471878'], ['27402.4', '0.11080645'], ['27401.9', '0.00234566'], ['27401.8', '1.09135004'], ['27401.7', '5.86661833'], ['27401.6', '0.00283734']], 'asks': [['27408.3', '1.85692568'], ['27408.4', '0.10945866'], ['27408.5', '0.18243078'], ['27409.3', '0.0024067'], ['27409.4', '0.42737622'], ['27409.6', '0.61290953'], ['27409.7', '0.00283734'], ['27409.8', '0.0737253'], ['27409.9', '0.00567468'], ['27410.1', '0.00567468'], ['27410.5', '0.01134936'], ['27411', '0.39870975'], ['27411.1', '0.001'], ['27411.3', '0.02269872'], ['27411.4', '0.01824337'], ['27411.8', '0.1908084'], ['27411.9', '0.425'], ['27412.2', '0.39489042'], ['27412.3', '8.01195282'], ['27412.9', '0.04539744']]}}


18.05.2023 14:22 18.05.2023 14:22
DOGE-USDT {'code': '200000', 'data': {'time': 1684405331811, 'sequence': '1189302905', 'bids': [['0.07412', '12906.9823'], ['0.07411', '45609.8913'], ['0.0741', '88169.9868'], ['0.07409', '40360.8632'], ['0.07408', '153598.049'], ['0.07407', '39168.429'], ['0.07406', '26979.6304'], ['0.07405', '238761.4801'], ['0.07404', '231565.368'], ['0.07403', '11526.4751'], ['0.07402', '499448.4222'], ['0.07401', '68790.1328'], ['0.074', '838900.6114'], ['0.07399', '26427.7736'], ['0.07398', '39009.5148'], ['0.07397', '517134.6843'], ['0.07396', '121029.299'], ['0.07395', '68464.2645'], ['0.07394', '42934.6352'], ['0.07393', '310']], 'asks': [['0.07413', '14000'], ['0.07414', '70472.8602'], ['0.07415', '33056.9905'], ['0.07416', '78924.0118'], ['0.07417', '16276.4213'], ['0.07418', '236011.4094'], ['0.07419', '3641.4029'], ['0.0742', '303002.3052'], ['0.07422', '24255.6829'], ['0.07423', '23602.9032'], ['0.07424', '413065.331'], ['0.07425', '420514.2141'], ['0.07426', '38209.0752'], ['0.07427', '31874.4546'], ['0.07428', '91357.1979'], ['0.07429', '125000'], ['0.0743', '44077.595'], ['0.07431', '763555.4051'], ['0.07432', '28647.9007'], ['0.07433', '91.3595']]}}


18.05.2023 14:22 18.05.2023 14:22
LTC-USDT {'code': '200000', 'data': {'time': 1684405341549, 'sequence': '913953110', 'bids': [['93.184', '7'], ['93.183', '12.365893'], ['93.174', '32.471356'], ['93.173', '35'], ['93.17', '2.145923'], ['93.165', '3.218884'], ['93.162', '41.782332'], ['93.161', '7'], ['93.153', '2.683765'], ['93.151', '7.510729'], ['93.15', '221.358846'], ['93.149', '7'], ['93.144', '10.833007'], ['93.137', '5.368508'], ['93.136', '7'], ['93.132', '32.212266'], ['93.124', '7'], ['93.123', '32.802283'], ['93.114', '7'], ['93.113', '66.507362']], 'asks': [['93.198', '11.4'], ['93.199', '7'], ['93.202', '5.36485'], ['93.207', '32.700979'], ['93.208', '4.113753'], ['93.209', '7.499999'], ['93.21', '28'], ['93.213', '0.131923'], ['93.216', '14.361583'], ['93.217', '7'], ['93.227', '7'], ['93.229', '2.681581'], ['93.231', '7'], ['93.232', '630.822419'], ['93.24', '1.88254'], ['93.243', '2.145923'], ['93.245', '7'], ['93.246', '5.362345'], ['93.248', '3.218884'], ['93.255', '41.782332']]}}


18.05.2023 14:22 18.05.2023 14:22
CCD-USDT {'code': '200000', 'data': {'time': 1684405348416, 'sequence': '73477404', 'bids': [['0.007231', '5400.5546'], ['0.00723', '23833.0211'], ['0.007229', '927.1638'], ['0.007227', '945.1745'], ['0.00721', '149369.5575'], ['0.007201', '6967.517'], ['0.0072', '76042.8176'], ['0.007191', '6400'], ['0.00719', '116882.9446'], ['0.007155', '61.5165'], ['0.007141', '8000'], ['0.00714', '149519.8553'], ['0.007131', '3200'], ['0.007121', '57.2256'], ['0.007111', '950.6935'], ['0.00711', '1258.0082'], ['0.007102', '473202.3742'], ['0.007101', '1600'], ['0.007099', '2100'], ['0.007097', '1600']], 'asks': [['0.007233', '148.9398'], ['0.007239', '4507.6541'], ['0.00724', '54227.8896'], ['0.007249', '6400'], ['0.00725', '25063.4277'], ['0.007259', '9600'], ['0.007269', '6400'], ['0.00727', '127111.8258'], ['0.007281', '57.2256'], ['0.007289', '6400'], ['0.00729', '113554.7752'], ['0.007299', '1238.4698'], ['0.007309', '3200'], ['0.007317', '61.5165'], ['0.007323', '29.6715'], ['0.007327', '659.7353'], ['0.00734', '152067.9506'], ['0.007351', '950.6935'], ['0.007361', '57.2256'], ['0.007367', '58.2381']]}}


18.05.2023 14:22 18.05.2023 14:22
TOP-USDT {'code': '200000', 'data': {'time': 0, 'sequence': None, 'bids': None, 'asks': None}}


18.05.2023 14:22 18.05.2023 14:22
METAL-USDT {'code': '200000', 'data': {'time': 0, 'sequence': None, 'bids': None, 'asks': None}}


18.05.2023 14:23 18.05.2023 14:23
COTI-USDT {'code': '200000', 'data': {'time': 1684405386758, 'sequence': '192863530', 'bids': [['0.069738', '377.6422'], ['0.069728', '846'], ['0.069714', '3586.07'], ['0.069696', '373.2979'], ['0.0696', '9.647'], ['0.06956', '6.7041'], ['0.069542', '4.1763'], ['0.069526', '18.1524'], ['0.069476', '2.7307'], ['0.069435', '5.6714'], ['0.069434', '17.8465'], ['0.069406', '7.0632'], ['0.069377', '3.2121'], ['0.069362', '2.7539'], ['0.06935', '134.728'], ['0.069348', '7.2902'], ['0.06932', '17.3143'], ['0.069312', '2.7554'], ['0.069302', '21.377'], ['0.0693', '6.7361']], 'asks': [['0.069891', '2734.5135'], ['0.069916', '5672.5232'], ['0.06993', '384.7792'], ['0.069969', '11264'], ['0.069971', '391.2956'], ['0.070018', '11425.6735'], ['0.070029', '1067.98'], ['0.070043', '9.3604'], ['0.070045', '18.2217'], ['0.07005', '3.4455'], ['0.070061', '29.7549'], ['0.070067', '263.5552'], ['0.070087', '4.7052'], ['0.070088', '2.5305'], ['0.07011', '261.6396'], ['0.070113', '19.0101'], ['0.070118', '278.0808'], ['0.070119', '22.0102'], ['0.070124', '12.1091'], ['0.070125', '5.7491']]}}


18.05.2023 14:23 18.05.2023 14:23
RIBBIT-USDT {'code': '200000', 'data': {'time': 0, 'sequence': None, 'bids': None, 'asks': None}}


18.05.2023 14:44 18.05.2023 14:44
BTC-USDT {'code': '200000', 'data': {'time': 1684406639774, 'sequence': '7822371390', 'bids': [['27381', '0.36612698'], ['27380.9', '0.02275467'], ['27380.8', '0.05844462'], ['27380.7', '0.11524322'], ['27380.3', '0.01134936'], ['27380.1', '0.48667147'], ['27379.5', '0.02269872'], ['27378.3', '0.00111151'], ['27378.2', '0.42960866'], ['27378.1', '0.37856684'], ['27377.9', '0.04539744'], ['27377.8', '1.03376807'], ['27377.7', '1.16529884'], ['27377.6', '0.18263588'], ['27376.6', '0.07361996'], ['27376', '0.21479999'], ['27375.6', '0.00897983'], ['27375.2', '0.01194442'], ['27374.8', '0.00329705'], ['27374.7', '0.09079488']], 'asks': [['27381.1', '2.67741759'], ['27381.2', '0.00375064'], ['27381.3', '0.10956684'], ['27381.4', '0.00567468'], ['27381.6', '0.00567468'], ['27381.8', '0.10960958'], ['27382', '0.02961252'], ['27382.8', '0.02269872'], ['27383.3', '0.00019243'], ['27384', '0.00498887'], ['27384.1', '0.18259294'], ['27384.3', '0.18186283'], ['27384.4', '0.04539744'], ['27384.5', '0.00384987'], ['27384.6', '0.39497911'], ['27384.7', '7.76975837'], ['27385.4', '0.01094442'], ['27386.1', '0.0737253'], ['27386.2', '0.16'], ['27386.5', '0.00912859']]}}


18.05.2023 14:44 18.05.2023 14:44
DOGE-USDT {'code': '200000', 'data': {'time': 1684406658720, 'sequence': '1189337009', 'bids': [['0.07421', '8454.5908'], ['0.0742', '57926.96'], ['0.07419', '209499.4763'], ['0.07418', '20221.475'], ['0.07416', '82827.2134'], ['0.07415', '182485.7848'], ['0.07414', '29297.7003'], ['0.07413', '192892.2279'], ['0.07412', '82836.9527'], ['0.07411', '238282.9635'], ['0.0741', '470634.7396'], ['0.07409', '331184.5349'], ['0.07408', '81205.5528'], ['0.07407', '42672.8587'], ['0.07406', '2361.6734'], ['0.07405', '40511.5719'], ['0.07404', '55078.6372'], ['0.07403', '194155.6592'], ['0.07401', '700415.6114'], ['0.074', '53916.5348']], 'asks': [['0.07423', '28124.9999'], ['0.07424', '5388.0855'], ['0.07425', '51200.9456'], ['0.07426', '43256.3074'], ['0.07427', '12.2018'], ['0.07428', '12911.7157'], ['0.07429', '258632.3962'], ['0.0743', '361810.467'], ['0.07431', '1742.8291'], ['0.07432', '21587.9593'], ['0.07433', '13577.3595'], ['0.07434', '336895.6364'], ['0.07435', '54698.9027'], ['0.07436', '710098.4325'], ['0.07437', '392233.901'], ['0.07438', '272767.8593'], ['0.07439', '529.3915'], ['0.0744', '31605.6944'], ['0.07441', '40322.1855'], ['0.07442', '80705.3365']]}}


18.05.2023 14:44 18.05.2023 14:44
LTC-USDT {'code': '200000', 'data': {'time': 1684406671593, 'sequence': '914014083', 'bids': [['93.23', '30.065524'], ['93.22', '4.310453'], ['93.219', '7'], ['93.215', '20'], ['93.207', '47.146799'], ['93.202', '2.5'], ['93.2', '2.145232'], ['93.199', '7'], ['93.195', '266.358654'], ['93.189', '8.613753'], ['93.186', '24.964548'], ['93.181', '7.508313'], ['93.179', '7'], ['93.177', '32.802283'], ['93.171', '2.683243'], ['93.17', '66.507362'], ['93.169', '7'], ['93.159', '7'], ['93.152', '8.918'], ['93.15', '5.44265']], 'asks': [['93.244', '7'], ['93.248', '28'], ['93.249', '7'], ['93.253', '12.361874'], ['93.254', '1.613753'], ['93.256', '31.24749'], ['93.258', '2.5'], ['93.259', '1.971785'], ['93.262', '629.086587'], ['93.263', '7'], ['93.267', '2.680466'], ['93.273', '2.145232'], ['93.278', '3.217848'], ['93.279', '7'], ['93.281', '12.870588'], ['93.283', '42.695134'], ['93.288', '5.359911'], ['93.289', '7'], ['93.292', '7.508313'], ['93.308', '15.84']]}}


18.05.2023 14:44 18.05.2023 14:44
CCD-USDT {'code': '200000', 'data': {'time': 1684406686799, 'sequence': '73482936', 'bids': [['0.007161', '970.6576'], ['0.007159', '947.9583'], ['0.007155', '61.5165'], ['0.007151', '9000'], ['0.00715', '192098.8231'], ['0.007146', '2700'], ['0.007141', '3200'], ['0.00714', '3023.0833'], ['0.007131', '3200'], ['0.007126', '1600'], ['0.007125', '104945.1576'], ['0.007121', '3757.2256'], ['0.007111', '950.6935'], ['0.00711', '1258.0082'], ['0.00709', '156548.7919'], ['0.007087', '3200'], ['0.007085', '717.9734'], ['0.007074', '61.5165'], ['0.007073', '29.6715'], ['0.00707', '48.7']], 'asks': [['0.007163', '989.4296'], ['0.007189', '10931.5305'], ['0.007195', '19727.6198'], ['0.007199', '3200'], ['0.0072', '25049.6088'], ['0.00721', '51347.485'], ['0.007219', '3200'], ['0.00722', '76614.302'], ['0.007224', '3200'], ['0.00724', '116849.9911'], ['0.007249', '3200'], ['0.007281', '57.2256'], ['0.007289', '3200'], ['0.00729', '149953.5243'], ['0.007299', '1238.4698'], ['0.007309', '3200'], ['0.007317', '61.5165'], ['0.007323', '29.6715'], ['0.007327', '659.7353'], ['0.007349', '3200']]}}


18.05.2023 14:44 18.05.2023 14:44
TOP-USDT {'code': '200000', 'data': {'time': 0, 'sequence': None, 'bids': None, 'asks': None}}


18.05.2023 14:45 18.05.2023 14:45
METAL-USDT {'code': '200000', 'data': {'time': 0, 'sequence': None, 'bids': None, 'asks': None}}


18.05.2023 14:45 18.05.2023 14:45
COTI-USDT {'code': '200000', 'data': {'time': 1684406707029, 'sequence': '192871599', 'bids': [['0.069616', '846'], ['0.069611', '391.6059'], ['0.069589', '3592.5398'], ['0.069558', '387.8823'], ['0.069476', '2.7307'], ['0.069435', '5.6714'], ['0.069434', '17.8465'], ['0.069406', '7.0632'], ['0.069377', '3.2121'], ['0.069362', '2.7539'], ['0.06935', '134.728'], ['0.069348', '7.2902'], ['0.06932', '17.3143'], ['0.069312', '2.7554'], ['0.069302', '21.377'], ['0.0693', '6.7361'], ['0.069279', '65.9183'], ['0.069277', '9.3604'], ['0.069263', '15.7454'], ['0.069224', '46.0046']], 'asks': [['0.069813', '846'], ['0.069828', '383.2277'], ['0.069846', '404.3285'], ['0.069868', '2734.5135'], ['0.069895', '11273'], ['0.069896', '5672.5232'], ['0.069924', '18.1524'], ['0.069958', '11435.4246'], ['0.06998', '4.1763'], ['0.07', '9.647'], ['0.070021', '6.7041'], ['0.070043', '9.3604'], ['0.070045', '18.2217'], ['0.07005', '3.4455'], ['0.070061', '29.7549'], ['0.070067', '263.5552'], ['0.070086', '13857.0379'], ['0.070087', '4.7052'], ['0.070088', '2.5305'], ['0.070094', '533.196']]}}


18.05.2023 14:45 18.05.2023 14:45
RIBBIT-USDT {'code': '200000', 'data': {'time': 0, 'sequence': None, 'bids': None, 'asks': None}}


18.05.2023 14:45 18.05.2023 14:45
TRVL-USDT {'code': '200000', 'data': {'time': 1684406717724, 'sequence': '35638347', 'bids': [['0.03656', '3.2113'], ['0.03655', '3.2113'], ['0.03645', '2163.9844'], ['0.03644', '3154'], ['0.03643', '1331.3874'], ['0.03642', '2163.9844'], ['0.0364', '3596.1123'], ['0.03639', '6081.28'], ['0.03637', '3834.6118'], ['0.03635', '5893.48'], ['0.03633', '77.0658'], ['0.03609', '40.8853'], ['0.03608', '77.0658'], ['0.036', '2814.8802'], ['0.03598', '5953.62'], ['0.03593', '18525.21'], ['0.03592', '4741.34'], ['0.0359', '710'], ['0.03585', '6540.47'], ['0.03583', '8853.9458']], 'asks': [['0.03668', '33.8003'], ['0.03669', '2622.7677'], ['0.0367', '18980.1933'], ['0.03671', '21467.9297'], ['0.03672', '18853.2696'], ['0.03674', '4066.3861'], ['0.03676', '7566.2847'], ['0.0368', '8919.637'], ['0.03681', '6844.3476'], ['0.03683', '77.0658'], ['0.03686', '8936.1465'], ['0.03707', '4308.1905'], ['0.03708', '77.0658'], ['0.03713', '5586.0218'], ['0.03727', '40.8853'], ['0.0373', '9.9'], ['0.03733', '77.0658'], ['0.03742', '700'], ['0.03744', '3532.9701'], ['0.03745', '700']]}}


18.05.2023 14:45 18.05.2023 14:45
EMON-USDT {'code': '200000', 'data': {'time': 0, 'sequence': None, 'bids': None, 'asks': None}}


18.05.2023 14:45 18.05.2023 14:45
KOK-USDT {'code': '200000', 'data': {'time': 1684406736470, 'sequence': '27362307', 'bids': [['0.0351', '987.6258'], ['0.035', '10340.1852'], ['0.0349', '45038.9533'], ['0.0348', '3276.3919'], ['0.0347', '1508.4209'], ['0.0346', '666.5081'], ['0.0345', '4424.9424'], ['0.0344', '722.217'], ['0.0343', '1118.1727'], ['0.0342', '1682.9821'], ['0.0341', '1079.5464'], ['0.034', '10022.7373'], ['0.0339', '116.3537'], ['0.0338', '139.1748'], ['0.0337', '306.8797'], ['0.0336', '1643.7679'], ['0.0335', '2472.8274'], ['0.0334', '10027.8564'], ['0.0333', '2945.497'], ['0.0332', '710.4607']], 'asks': [['0.0354', '7.6215'], ['0.0355', '666.8797'], ['0.0356', '1070.4607'], ['0.0357', '116.3537'], ['0.0358', '366.5081'], ['0.0359', '83.5577'], ['0.036', '1928.4971'], ['0.0361', '306.8797'], ['0.0362', '139.1748'], ['0.0363', '120.365'], ['0.0364', '4813.0127'], ['0.0365', '30843.5568'], ['0.0366', '175.9821'], ['0.0367', '824.4006'], ['0.0368', '721.6794'], ['0.0369', '527.8633'], ['0.037', '1848.9697'], ['0.0371', '695.0673'], ['0.0372', '958.4867'], ['0.0373', '346.7692']]}}


18.05.2023 14:45 18.05.2023 14:45
REEF-USDT {'code': '200000', 'data': {'time': 1684406744565, 'sequence': '82920527', 'bids': [['0.00229', '487190.5939'], ['0.002288', '472315.8997'], ['0.002287', '261746'], ['0.002286', '436109.8997'], ['0.002283', '777700'], ['0.002279', '12040.6277'], ['0.002278', '5000'], ['0.002275', '2626616.4241'], ['0.002272', '58.2898'], ['0.002271', '644.9421'], ['0.002267', '5147.2331'], ['0.002265', '874.1814'], ['0.002262', '56.1084'], ['0.002258', '407.4983'], ['0.002256', '1123.5334'], ['0.002255', '58.2898'], ['0.002251', '89291.4319'], ['0.00225', '2369.4553'], ['0.002247', '644.9421'], ['0.002242', '56.1084']], 'asks': [['0.002296', '11860.6103'], ['0.002297', '29059.1008'], ['0.002299', '349.0696'], ['0.002301', '147.2331'], ['0.002302', '56.1084'], ['0.002303', '640148'], ['0.002306', '5058.2898'], ['0.002307', '901370'], ['0.00231', '398.3251'], ['0.002313', '22362.3894'], ['0.002317', '442.0317'], ['0.002318', '147.2331'], ['0.002319', '1648.4688'], ['0.002322', '8667.1712'], ['0.002323', '58.2898'], ['0.002331', '9451.8149'], ['0.002333', '71.8822'], ['0.002335', '147.2331'], ['0.002336', '664.0046'], ['0.002337', '404.2644']]}}


18.05.2023 14:45 18.05.2023 14:45
SUTER-USDT {'code': '200000', 'data': {'time': 1684406750522, 'sequence': '42537480', 'bids': [['0.0004508', '1546.4534'], ['0.0004501', '731.9636'], ['0.00045', '362.8977'], ['0.0004489', '110806.7896'], ['0.0004488', '36000'], ['0.0004486', '31000'], ['0.0004484', '1502.0295'], ['0.0004482', '565.8094'], ['0.0004481', '373.4261'], ['0.000448', '3644.8098'], ['0.0004478', '561.4174'], ['0.0004477', '731.9636'], ['0.0004469', '34000'], ['0.0004467', '32000'], ['0.0004466', '98021.0718'], ['0.0004465', '24035.1422'], ['0.0004455', '2221.0041'], ['0.0004453', '731.9636'], ['0.000445', '35000'], ['0.0004445', '110000']], 'asks': [['0.0004548', '165577.1459'], ['0.0004549', '107161.8258'], ['0.0004555', '1903'], ['0.000456', '2106.9682'], ['0.0004562', '565.8094'], ['0.0004573', '0.0001'], ['0.0004595', '2076'], ['0.0004597', '731.9636'], ['0.00046', '2106.9682'], ['0.0004602', '565.8094'], ['0.0004614', '2583.9018'], ['0.000462', '1737.2199'], ['0.0004621', '731.9636'], ['0.0004624', '646.7992'], ['0.000464', '2106.9682'], ['0.0004642', '565.8094'], ['0.0004645', '731.9636'], ['0.000466', '887384.8093'], ['0.0004661', '99447.5138'], ['0.0004663', '646.7992']]}}


18.05.2023 14:45 18.05.2023 14:45
REELT-USDT {'code': '200000', 'data': {'time': 0, 'sequence': None, 'bids': None, 'asks': None}}


18.05.2023 14:46 18.05.2023 14:46
CVTX-USDT {'code': '200000', 'data': {'time': 0, 'sequence': None, 'bids': None, 'asks': None}}


18.05.2023 14:46 18.05.2023 14:46
MOON-USDT {'code': '200000', 'data': {'time': 0, 'sequence': None, 'bids': None, 'asks': None}}


18.05.2023 14:46 18.05.2023 14:46
CNAME-USDT {'code': '200000', 'data': {'time': 0, 'sequence': None, 'bids': None, 'asks': None}}


18.05.2023 14:46 18.05.2023 14:46
VOLT-USDT {'code': '200000', 'data': {'time': 0, 'sequence': None, 'bids': None, 'asks': None}}


18.05.2023 14:46 18.05.2023 14:46
LGX-USDT {'code': '200000', 'data': {'time': 0, 'sequence': None, 'bids': None, 'asks': None}}


18.05.2023 14:46 18.05.2023 14:46
GPT-USDT {'code': '200000', 'data': {'time': 1684406800228, 'sequence': '12999439', 'bids': [['0.02385', '22499.9998'], ['0.0238', '39.5326'], ['0.02375', '318.441'], ['0.02374', '12.238'], ['0.02372', '13.1836'], ['0.02371', '12.2152'], ['0.02367', '15.9461'], ['0.02365', '24.4975'], ['0.02364', '428.4532'], ['0.02363', '92.3308'], ['0.02362', '1475.9348'], ['0.02361', '79.768'], ['0.0236', '21.6906'], ['0.02359', '35424.7567'], ['0.02358', '87529.0394'], ['0.02356', '320.8337'], ['0.02355', '10315.7183'], ['0.02354', '25.0747'], ['0.02353', '44011.5889'], ['0.02352', '25.3988']], 'asks': [['0.02394', '14359.8212'], ['0.02395', '13079.9999'], ['0.02396', '42146.8049'], ['0.02397', '19593.0122'], ['0.024', '35.621'], ['0.02402', '59.6179'], ['0.02403', '23.9213'], ['0.02404', '77.1966'], ['0.02406', '1710.5331'], ['0.02407', '79.768'], ['0.02408', '14.0364'], ['0.02409', '45.2776'], ['0.02411', '214.381'], ['0.02412', '13.1836'], ['0.02413', '325.6261'], ['0.02414', '165.8717'], ['0.02416', '39.5326'], ['0.02418', '36206.2932'], ['0.02419', '22.7843'], ['0.02421', '24.4975']]}}


18.05.2023 14:46 18.05.2023 14:46
TSUKA-USDT {'code': '200000', 'data': {'time': 0, 'sequence': None, 'bids': None, 'asks': None}}


18.05.2023 14:46 18.05.2023 14:46
UNB-USDT {'code': '200000', 'data': {'time': 1684406811371, 'sequence': '36249639', 'bids': [['0.0008692', '24671.0339'], ['0.0008667', '1146.7418'], ['0.0008663', '2213.8611'], ['0.0008651', '510.9653'], ['0.0008639', '180.5959'], ['0.000861', '554.1637'], ['0.0008607', '4553.362'], ['0.0008593', '13245.7215'], ['0.0008592', '8142.4959'], ['0.0008591', '12493.4481'], ['0.000858', '510.9653'], ['0.0008578', '14575.9809'], ['0.0008573', '1146.7418'], ['0.0008571', '41707.1733'], ['0.0008568', '180.5959'], ['0.0008567', '140.0115'], ['0.0008564', '9187.5131'], ['0.0008551', '26307.1008'], ['0.000855', '114251.9559'], ['0.0008545', '558921.4745']], 'asks': [['0.0008776', '34294.2785'], ['0.0008777', '27375.4979'], ['0.0008781', '180.5959'], ['0.0008793', '510.9653'], ['0.00088', '560.4664'], ['0.0008803', '4553.362'], ['0.0008852', '180.5959'], ['0.0008853', '87174.4016'], ['0.0008854', '617269.802'], ['0.0008855', '1146.7418'], ['0.0008856', '87594.4103'], ['0.0008857', '45213.5101'], ['0.0008864', '510.9653'], ['0.0008869', '42378.7743'], ['0.0008889', '20695.0139'], ['0.000889', '26300'], ['0.0008893', '2194.4391'], ['0.00089', '526'], ['0.0008901', '4553.362'], ['0.000892', '8254.2604']]}}


18.05.2023 14:46 18.05.2023 14:46
XEN-USDT {'code': '200000', 'data': {'time': 0, 'sequence': None, 'bids': None, 'asks': None}}


18.05.2023 14:47 18.05.2023 14:47
KON-USDT {'code': '200000', 'data': {'time': 0, 'sequence': None, 'bids': None, 'asks': None}}


18.05.2023 14:47 18.05.2023 14:47
DAO-USDT {'code': '200000', 'data': {'time': 1684406825456, 'sequence': '127278188', 'bids': [['1.39667', '37'], ['1.3963', '0.2212'], ['1.39518', '71.4673'], ['1.39517', '610.9354'], ['1.39492', '290'], ['1.3936', '264.2465'], ['1.3916', '342.7999'], ['1.39159', '5.3938'], ['1.39111', '0.25'], ['1.39079', '139.5843'], ['1.39078', '143.8034'], ['1.39074', '2.5043'], ['1.38919', '816.491'], ['1.38816', '0.2575'], ['1.38808', '12.4046'], ['1.38788', '4.7035'], ['1.38736', '390'], ['1.38688', '0.3603'], ['1.38636', '0.5831'], ['1.38435', '1.8949']], 'asks': [['1.40093', '7.491'], ['1.40094', '20.364'], ['1.40097', '20.603'], ['1.40241', '37'], ['1.40256', '21.079'], ['1.40259', '20.69'], ['1.40264', '33.367'], ['1.40267', '31.488'], ['1.40515', '29.203'], ['1.40516', '53.275'], ['1.40526', '28.64'], ['1.40532', '51.905'], ['1.40611', '1.2832'], ['1.40658', '0.2683'], ['1.40728', '139.5843'], ['1.40729', '85.233'], ['1.40733', '0.1631'], ['1.40741', '35.442'], ['1.40747', '85.019'], ['1.40781', '1.8949']]}}


18.05.2023 14:47 18.05.2023 14:47
ORBS-USDT {'code': '200000', 'data': {'time': 1684406830509, 'sequence': '34172190', 'bids': [['0.02663', '22760.5277'], ['0.02662', '11665.3393'], ['0.02655', '13.7293'], ['0.02654', '9370'], ['0.02653', '8795.0748'], ['0.02646', '3500'], ['0.02645', '35556.6826'], ['0.02644', '39204.6163'], ['0.02642', '3970'], ['0.0264', '3970'], ['0.02638', '3970'], ['0.02635', '8855.155'], ['0.02631', '6470'], ['0.0263', '5480'], ['0.02626', '8885.5039'], ['0.02622', '23949.674'], ['0.02617', '8916.0616'], ['0.02608', '8946.8303'], ['0.02599', '8991.367'], ['0.02595', '267.4073']], 'asks': [['0.0268', '8706.4677'], ['0.02689', '8677.3274'], ['0.02697', '19048.9219'], ['0.02698', '8648.3815'], ['0.02706', '6470'], ['0.02707', '8633.1831'], ['0.02714', '6470'], ['0.02715', '32393.4519'], ['0.02716', '8591.0653'], ['0.0272', '5.35'], ['0.02725', '8562.6911'], ['0.02733', '2800'], ['0.02734', '8534.5038'], ['0.02737', '9970'], ['0.02738', '15745.7287'], ['0.0274', '4380'], ['0.02743', '8506.5014'], ['0.02752', '8478.6822'], ['0.02761', '8464.5993'], ['0.02768', '4.03']]}}


18.05.2023 14:47 18.05.2023 14:47
AFC-USDT {'code': '200000', 'data': {'time': 0, 'sequence': None, 'bids': None, 'asks': None}}


18.05.2023 14:48 18.05.2023 14:48
CRO-USDT {'code': '200000', 'data': {'time': 1684406881563, 'sequence': '151620940', 'bids': [['0.06386', '1500'], ['0.06385', '1566.102'], ['0.06384', '6562.6034'], ['0.06381', '13125.2068'], ['0.06376', '2'], ['0.06375', '389.957'], ['0.06374', '470.4316'], ['0.06373', '49.3428'], ['0.06372', '7382.7686'], ['0.06371', '13535.5163'], ['0.0637', '27305.11'], ['0.06369', '115.4485'], ['0.06368', '190.7911'], ['0.06367', '2112.7282'], ['0.06366', '2632.4782'], ['0.06365', '39.5442'], ['0.06364', '34133.8114'], ['0.06363', '630.5372'], ['0.06362', '26541.0473'], ['0.06361', '19940.6073']], 'asks': [['0.06395', '386.2678'], ['0.06396', '31500'], ['0.06397', '15325.4535'], ['0.06398', '4651.5379'], ['0.064', '18000'], ['0.06402', '70.7745'], ['0.06404', '8812.891'], ['0.06405', '32642.66'], ['0.06408', '25575.4906'], ['0.06409', '13473.0312'], ['0.0641', '3632.5364'], ['0.06411', '3674.1979'], ['0.06412', '12732.124'], ['0.06416', '4120.666'], ['0.06417', '3545.056'], ['0.06418', '33.7573'], ['0.06419', '28.181'], ['0.0642', '118635.8807'], ['0.06421', '32492.2027'], ['0.06422', '46975.4306']]}}


18.05.2023 14:48 18.05.2023 14:48
DPR-USDT {'code': '200000', 'data': {'time': 1684406888039, 'sequence': '26213514', 'bids': [['0.00687', '58.7141'], ['0.006867', '170.2295'], ['0.006852', '41.3346'], ['0.006843', '41.1886'], ['0.006831', '88.1673'], ['0.006821', '26062.9987'], ['0.00682', '1460.4105'], ['0.006816', '980.8198'], ['0.006815', '213.7518'], ['0.006802', '170.2295'], ['0.006796', '41.3346'], ['0.006788', '46.2863'], ['0.006776', '41.1886'], ['0.00677', '421.2'], ['0.006764', '88.1673'], ['0.00676', '58.7141'], ['0.006743', '561.1183'], ['0.006742', '71787.8251'], ['0.006741', '31683.3159'], ['0.00674', '41.3346']], 'asks': [['0.006954', '3838.6437'], ['0.006955', '60595.9525'], ['0.006964', '41.3346'], ['0.006965', '88.1673'], ['0.006969', '30.5872'], ['0.006974', '1630.8198'], ['0.006977', '41.1886'], ['0.00698', '526.2004'], ['0.006997', '170.2295'], ['0.00702', '3449.4814'], ['0.007032', '88.1673'], ['0.007035', '58.7141'], ['0.007044', '41.1886'], ['0.007053', '980.8198'], ['0.007062', '170.2295'], ['0.007064', '17.8381'], ['0.007076', '87.6209'], ['0.00708', '421.2'], ['0.00709', '58.7141'], ['0.007099', '88.1673']]}}


18.05.2023 14:48 18.05.2023 14:48
SQUAD,
CHRP-USDT {'code': '200000', 'data': {'time': 0, 'sequence': None, 'bids': None, 'asks': None}}


18.05.2023 14:49 18.05.2023 14:49
BTC-USDT {'code': '200000', 'data': {'time': 1684406942881, 'sequence': '7822400058', 'bids': [['27380.3', '2.90853105'], ['27380.1', '0.00389033'], ['27380', '0.5208357'], ['27379.9', '0.11524588'], ['27379.8', '0.18261868'], ['27379.7', '0.00567468'], ['27379.5', '0.10853999'], ['27379.4', '0.39531416'], ['27379.3', '1.11088446'], ['27379.2', '1.59098793'], ['27378.5', '0.0413287'], ['27377.9', '0.29607024'], ['27377.8', '0.00020347'], ['27377.5', '0.0547874'], ['27376.9', '0.04539744'], ['27376.6', '6.88873842'], ['27376.1', '0.425'], ['27375.9', '0.01094442'], ['27374', '0.00105286'], ['27373.9', '0.02666666']], 'asks': [['27380.4', '0.04314202'], ['27380.6', '0.00567468'], ['27381', '0.01134936'], ['27381.2', '0.00591372'], ['27381.3', '0.05478308'], ['27381.7', '0.10844371'], ['27381.8', '0.02269872'], ['27382.6', '0.06249791'], ['27383.1', '0.01826244'], ['27383.3', '0.10955808'], ['27383.4', '0.04539744'], ['27383.9', '0.0737253'], ['27384', '0.3948652'], ['27384.1', '1.2'], ['27384.4', '7.22760546'], ['27384.7', '0.43412919'], ['27385.1', '0.37521287'], ['27386.4', '0.0037039'], ['27386.5', '0.00912859'], ['27386.6', '0.09079488']]}}


18.05.2023 14:49 18.05.2023 14:49
DOGE-USDT {'code': '200000', 'data': {'time': 1684406951658, 'sequence': '1189340406', 'bids': [['0.07417', '6925.1282'], ['0.07416', '166389.7892'], ['0.07415', '40957.811'], ['0.07414', '60685.7447'], ['0.07413', '41887.5582'], ['0.07412', '209507.6923'], ['0.07411', '189686.9342'], ['0.0741', '34315.8513'], ['0.07409', '470553.8547'], ['0.07408', '62423.3906'], ['0.07407', '718232.0754'], ['0.07406', '467575.1942'], ['0.07405', '11725.4405'], ['0.07404', '207132.968'], ['0.07403', '33766.3128'], ['0.07402', '2095.1'], ['0.07401', '84987.3153'], ['0.074', '40458.5315'], ['0.07399', '1233.5518'], ['0.07398', '4.9261']], 'asks': [['0.0742', '19387.5674'], ['0.07421', '90239.7466'], ['0.07422', '67891.0041'], ['0.07424', '24368.3754'], ['0.07425', '264883.8336'], ['0.07426', '147.8298'], ['0.07427', '316953.5256'], ['0.07428', '21812.9205'], ['0.0743', '25208.5337'], ['0.07431', '4817.0634'], ['0.07432', '83637.1937'], ['0.07433', '463643.8635'], ['0.07434', '395824.5954'], ['0.07436', '728945.6803'], ['0.07437', '2023.6011'], ['0.07438', '189863.2449'], ['0.07439', '529.3915'], ['0.0744', '4666.0392'], ['0.07442', '107527.707'], ['0.07443', '13512.0805']]}}


18.05.2023 14:49 18.05.2023 14:49
LTC-USDT {'code': '200000', 'data': {'time': 1684406961105, 'sequence': '914019911', 'bids': [['93.302', '2.004653'], ['93.29', '2.143163'], ['93.288', '263.703167'], ['93.287', '5.359916'], ['93.286', '7'], ['93.285', '3.214745'], ['93.271', '17.181428'], ['93.268', '9.208483'], ['93.265', '66.507362'], ['93.263', '1.613753'], ['93.261', '7'], ['93.259', '41.782332'], ['93.258', '18.214101'], ['93.257', '5.361606'], ['93.253', '2.206752'], ['93.251', '35'], ['93.242', '23.224806'], ['93.241', '2.5'], ['93.24', '7'], ['93.23', '7']], 'asks': [['93.303', '16'], ['93.313', '7'], ['93.328', '2.5'], ['93.329', '8.971785'], ['93.332', '28'], ['93.335', '5.35717'], ['93.341', '0.002056'], ['93.344', '0.009148'], ['93.345', '0.052694'], ['93.346', '0.007627'], ['93.347', '0.004988'], ['93.348', '0.143168'], ['93.35', '0.016125'], ['93.352', '0.126842'], ['93.354', '0.002372'], ['93.355', '0.019137'], ['93.356', '0.008175'], ['93.357', '4.674013'], ['93.358', '649.271444'], ['93.359', '0.912802']]}}


18.05.2023 14:49 18.05.2023 14:49
CCD-USDT {'code': '200000', 'data': {'time': 1684406968239, 'sequence': '73483873', 'bids': [['0.007162', '2914.682'], ['0.007161', '7057.0283'], ['0.00716', '80785.7899'], ['0.007151', '7480.2381'], ['0.00715', '114358.5192'], ['0.007131', '6400'], ['0.007121', '1657.2256'], ['0.00712', '104945.1576'], ['0.007111', '2550.6935'], ['0.00711', '154943.3622'], ['0.007101', '1600'], ['0.007091', '1600'], ['0.007087', '3200'], ['0.007085', '717.9734'], ['0.007074', '61.5165'], ['0.007073', '29.6715'], ['0.00707', '48.7'], ['0.007067', '3200'], ['0.007053', '2200'], ['0.007052', '476557.4676']], 'asks': [['0.007166', '910.0354'], ['0.007189', '8212.8994'], ['0.00719', '15284.9107'], ['0.00721', '25598.8031'], ['0.00722', '25495.1153'], ['0.007229', '3200'], ['0.00723', '51040.4674'], ['0.007236', '61.5165'], ['0.007239', '9600'], ['0.00724', '77086.8604'], ['0.007249', '3200'], ['0.00725', '115394.3421'], ['0.007281', '57.2256'], ['0.007289', '6400'], ['0.007299', '1238.4698'], ['0.0073', '149263.8332'], ['0.007309', '3200'], ['0.007317', '61.5165'], ['0.007323', '29.6715'], ['0.007327', '659.7353']]}}


18.05.2023 14:49 18.05.2023 14:49
TOP-USDT {'code': '200000', 'data': {'time': 0, 'sequence': None, 'bids': None, 'asks': None}}


18.05.2023 14:49 18.05.2023 14:49
METAL-USDT {'code': '200000', 'data': {'time': 0, 'sequence': None, 'bids': None, 'asks': None}}


